3218 5144
719 318 756 382 31

164 495 202 560 In
226 492 340 562 codice
364 514 386 557 a
408 495 511 557 totum
534 488 637 556 locum
662 487 805 556 defuisse
828 488 955 569 scimus,
982 493 1029 571 ut,
1053 487 1136 570 quod
1161 487 1193 554 A
1216 493 1317 556 »tum«

160 601 264 670 habet
288 607 322 668 et
345 599 395 667 Bu
416 599 553 682 addidit,
576 598 656 664 nihil
679 595 804 681 probet.
850 599 930 666 Ram
954 599 1018 679 ita,
1041 604 1079 665 ut
1101 600 1314 682 exposuimus,

166 731 203 780 se
226 711 356 794 habere,
380 729 417 776 eo
435 708 664 789 confirmatur,
699 708 784 790 quod
805 707 866 774 huc
890 708 989 776 etiam
1012 708 1075 776 alia
1099 728 1138 776 ex
1161 709 1209 776 eis
1233 727 1314 792 quae

169 817 364 886 antecedunt
386 815 496 884 delata
514 821 548 881 et
562 814 647 881 inter
668 812 766 880 verba
790 813 988 880 continentia
1011 820 1143 898 recepta
1166 815 1315 882 videntur

167 947 248 996 esse.
284 926 365 1006 Quid
382 926 467 991 enim
484 925 594 990 volunt
622 921 686 991 sibi
706 924 838 990 litterae
860 924 919 990 »ad
934 923 972 988 lt«
994 930 1069 1006 post
1090 924 1315 1007 »principium«

165 1037 314 1122 positae?
358 1035 472 1118 Neque
497 1053 535 1100 ex
560 1052 654 1100 »esse
676 1033 763 1113 in-‹,
797 1052 878 1115 quae
902 1033 1148 1118 desiderantur,
1181 1053 1220 1101 aa
1243 1052 1313 1102 cor·

161 1153 258 1228 rupta
281 1164 386 1229 neque
419 1163 458 1210 ex
489 1144 677 1210 coniectura
706 1150 779 1211 orta
800 1162 874 1213 esse
897 1143 1071 1210 verisimile
1094 1149 1161 1222 est,
1192 1144 1249 1210 sed
1264 1161 1315 1219 ¹ex

160 1262 215 1322 »ιιι
236 1255 316 1321 hoc«
339 1254 519 1336 depravata
540 1260 573 1320 et
596 1259 672 1320 anta
694 1273 846 1340 »magno«
869 1253 1042 1320 inserenda
1056 1254 1206 1321 uidentur
1228 1273 1311 1332 esse,

162 1365 230 1444 ubi,
253 1371 290 1430 ut
313 1364 474 1430 sententia
498 1364 732 1448 grammaticae
756 1362 880 1446 legibus
904 1362 1054 1443 sufficiat,
1088 1362 1209 1431 talibus
1232 1383 1312 1447 opus

167 1481 227 1541 est.
275 1476 399 1539 Desunt
420 1475 502 1539 baec
525 1475 623 1540 etiam
647 1475 678 1538 in
702 1472 744 1550 A,
776 1480 813 1540 ut
837 1473 987 1540 dubitare
1011 1493 1073 1540 non
1096 1477 1211 1558 possis,
1235 1475 1311 1557 quin

166 1586 229 1650 hac
245 1586 448 1665 corruptelae
471 1602 580 1649 omnes
603 1583 644 1649 ad
669 1585 881 1668 archetypum
896 1582 1042 1667 redeant,
1066 1585 1129 1667 qui,
1157 1603 1218 1666 qua
1242 1590 1313 1650 erat

166 1697 252 1763 mala
276 1695 473 1777 condicione,
497 1694 596 1758 etiam
618 1693 755 1774 primam
779 1693 928 1774 paginam
953 1698 1102 1758 vexatam
1125 1677 1255 1776 habuit,
1279 1698 1313 1758 et

164 1806 244 1872 illud
266 1811 367 1872 »tam«
399 1804 433 1868 in
455 1826 476 1868 α
500 1805 684 1869 coniectura
717 1802 902 1884 suppletum
926 1802 985 1884 sit,
1020 1803 1102 1885 quod
1126 1803 1315 1870 facillimum

166 1920 248 1982 erat.
294 1914 452 1996 Denique,
475 1918 513 1978 ut
535 1931 602 1977 rem
626 1909 841 1989 corrficiamus,
865 1911 916 1976 hic
940 1930 1067 1995 ponam,
1092 1931 1173 1994 quae
1187 1913 1314 1980 Cicero·

168 2043 243 2090 nem
265 2024 433 2106 scripsisse
455 2029 549 2104 puto:
572 2021 638 2086 »De
662 2039 725 2102 qua
742 2029 808 2086 tam
823 2022 933 2086 variae
956 2027 1031 2088 sunt
1055 2022 1314 2089 doctissimorum

169 2132 333 2200 hominum
355 2136 482 2215 tamque
505 2131 729 2213 discrepantes
750 2109 950 2212 sententiae,
982 2134 1018 2196 ut
1041 2131 1100 2196 hoc
1123 2151 1238 2212 magno
1262 2151 1314 2196 ar·

165 2251 319 2324 gumento
342 2259 414 2306 esse
437 2239 571 2324 debeat,
601 2239 793 2323 principium
827 2239 1050 2322 philosophiae
1082 2259 1154 2306 esse
1177 2243 1314 2308 inscien-

165 2352 247 2418 tiam
269 2349 507 2434 prudenterque
532 2349 738 2416 Academiam
768 2351 829 2430 (ιιι
858 2348 1063 2416 scribendum
1092 2350 1314 2420 videturesse

168 2453 300 2544 propter
322 2459 441 2526 codicis
465 2459 501 2523 B
522 2459 691 2524 lectiones:
716 2458 908 2542 achademis,
930 2480 996 2523 arro
1020 2459 1128 2523 littero
1149 2457 1316 2539 deficiente,

167 2568 218 2634 B¹
240 2575 269 2634 ct
299 2568 488 2635 achademia
512 2568 576 2646 ΒΞ)
590 2567 615 2654 ¹)
647 2588 667 2634 a
697 2567 796 2635 rebus
820 2569 952 2634 incertis
988 2568 1211 2636 adsensionem
1242 2587 1316 2634 con-

162 2673 337 2740 nituisse«
363 2711 404 2720 —
1225 2729 1226 2732 ,

255 2791 368 2871 Itaque
390 2790 547 2872 ridemus,
571 2795 726 2871 quantum
750 2788 850 2854 codex
874 2788 909 2852 B
932 2789 972 2854 ad
996 2790 1202 2855 restituenda
1225 2791 1316 2856 Cice-

171 2899 258 2967 ronis
286 2899 384 2966 verba
416 2899 526 2966 auxilii
556 2897 649 2964 nobis
681 2897 812 2973 afferat,
846 2899 1035 2979 dummodo,
1071 2917 1153 2980 quae
1177 2900 1315 2982 genuina

170 3027 313 3090 quaeque
336 3029 356 3076 a
380 3008 430 3073 13²
452 3015 599 3074 correcta
620 3008 654 3074 in
677 3028 715 3074 eo
738 3009 812 3092 sint,
836 3008 987 3074 sciamus.-

258 3126 321 3192 Sed
343 3144 519 3209 augeamus
542 3126 695 3208 exempla.

257 3234 273 3298 I
296 3241 353 3303 ιιι
382 3235 483 3300 »Nam
506 3241 539 3300 st
562 3235 602 3302 de
624 3234 735 3316 figuris
766 3237 898 3302 deorum
922 3242 955 3302 et
978 3235 1018 3302 de
1041 3235 1120 3302 locis
1143 3242 1240 3320 atque
1263 3254 1315 3304 se·

168 3342 263 3410 dibus
280 3349 314 3409 et
337 3345 384 3410 de
407 3346 535 3412 actione
551 3345 637 3411 vitae
661 3344 754 3429 (BF,
778 3353 812 3413 et
828 3347 955 3412 actione
971 3344 1190 3430 vitaeAOM)
1214 3347 1316 3412 multa

167 3452 346 3520 dicuntur«

253 3561 355 3629 Nemo
378 3561 548 3643 dubitabit,
572 3563 648 3646 quin
670 3562 746 3628 »de«
769 3562 988 3644 recipiendum
1012 3562 1064 3640 sit,
1097 3563 1181 3646 quod
1203 3563 1313 3631 Baite-

168 3689 227 3738 rus
251 3691 376 3756 quoque
398 3674 587 3756 recepisset,
610 3673 638 3738 si
662 3692 681 3738 a
704 3672 739 3737 B
761 3673 794 3737 id
818 3670 969 3754 praeberi
993 3673 1149 3740 scivisset.
1174 3709 1217 3720 -

261 3793 338 3855 101:
368 3788 446 3866 »Qui
470 3797 576 3855 autem
600 3789 779 3872 requirunt,
803 3788 879 3872 quid
895 3807 1021 3870 quaque
1038 3789 1077 3854 de
1100 3807 1136 3854 re
1159 3787 1223 3872 ipsi
1244 3807 1317 3856 sen-

163 3898 296 3977 tiamus,
320 3897 478 3964 curiosius
494 3898 527 3964 id
543 3899 666 3965 faciunt
689 3917 785 3982 quam
808 3917 939 3964 necesse
962 3905 1031 3978 est;
1055 3917 1118 3964 non
1141 3899 1225 3966 enim
1246 3904 1316 3965 tam

160 4011 300 4074 auctore
324 4005 397 4093 (A1,
420 4005 710 4089 auctoresA²OM,
734 4008 940 4074 auctoritatis
953 4005 1037 4094 BF)
1061 4026 1155 4091 quam
1178 4007 1315 4075 rationis

162 4123 328 4184 momenta
351 4119 538 4203 quaerenda
560 4123 662 4188 sunt«

242 4439 267 4510 ι)
286 4439 326 4496 De
348 4437 532 4496 »Academia«
560 4455 612 4511 pro
640 4437 850 4496 ›Academicis‹
882 4442 1019 4514 usurpata
1046 4438 1081 4496 cl.
1100 4437 1199 4496 Oreliii
1217 4436 1316 4495 Onom.

163 4554 186 4590 s.
207 4534 235 4589 h.
255 4551 282 4590 v.
