3218 5144
737 331 788 392 ³73

281 502 405 585 Quibus
427 503 507 570 locis
539 501 623 570 addo
657 501 717 567 hos
751 498 815 564 elia
845 495 972 564 ratione
1006 495 1118 578 dignos
1149 496 1203 578 qui
1236 496 1336 578 inspi-

194 614 335 681 cienturz

281 722 312 787 ll
339 725 443 789 112³:
468 717 619 801 convexa]
644 720 697 782 cet.
721 733 815 794 omo„
840 730 981 778 connexa
1006 711 1054 778 02.

280 829 328 894 lll
343 835 440 896 4420:
467 828 509 892 nt
531 825 576 909 id]
594 831 627 892 at
650 829 687 890 ut
700 822 749 901 0¹,
774 825 809 886 at
832 820 884 885 uel
901 818 958 900 0⁸3
983 821 1044 886 fuit
1068 822 1168 907 igitur
1190 823 1220 886 in
1236 846 1257 906 γ
1273 832 1336 901 »sc«,

196 937 234 1004 cf.
259 935 425 1004 Wattonb.
450 933 526 1002 Lat.
552 933 619 999 Pol.
643 951 673 1014 p.
700 936 750 996 78.

230 1113 234 1120 x
285 1051 376 1116 5215:
403 1043 581 1127 Almonem]
606 1058 794 1107 anemonen
817 1045 853 1104 ut
875 1039 967 1104 ceteri
991 1057 1097 1104 oroneo
1120 1037 1154 1118 0,
1179 1041 1235 1106 sed
1258 1059 1337 1104 corr.

197 1176 235 1219 eor
257 1173 454 1234 anemonen,
479 1154 528 1219 vel
552 1152 700 1218 anienem
722 1168 818 1232 spsor.
843 1147 891 1230 02,
915 1153 1029 1229 operto
1050 1149 1235 1214 coniectura

285 1268 378 1332 lter:
400 1263 433 1328 in
457 1259 669 1346 Synephebis]
691 1259 724 1324 in
747 1256 849 1323 efebis
867 1255 1002 1322 O¹F²M
1004 1257 1029 1320 ¹.

285 1377 367 1440 831:
398 1369 486 1455 felix]
506 1369 624 1450 BFM,
648 1364 869 1440 tritam-Pr
887 1364 936 1449 (V
953 1385 1022 1430 euro
1045 1365 1136 1448 sipon
1151 1371 1287 1447 corrupt.
1303 1367 1338 1449 υ),

197 1479 281 1547 filica
306 1480 354 1547 θ’.

625 1863 678 1932 llo
702 1862 827 1932 ondloo
850 1863 907 1930 M.

284 2049 346 2116 Sed
372 2050 411 2116 ad
435 2056 631 2131 postremam
657 2048 896 2116 dissertationis
918 2053 1050 2113 nostrae
1074 2051 1201 2129 partem
1225 2063 1339 2126 perga·

198 2175 278 2241 urus,
301 2176 383 2240 quae
407 2158 471 2224 erit
494 2158 534 2223 de
557 2164 674 2223 natura
698 2157 816 2222 codicis
837 2157 886 2240 M,
910 2136 1004 2239 q'uem
1020 2155 1227 2222 Sclnuenlrius
1249 2172 1339 2220 »cum

198 2265 309 2332 codice
332 2265 373 2349 F,
398 2284 437 2332 ex
462 2265 497 2330 B
520 2265 694 2348 descripto,
718 2265 766 2331 ita
789 2265 869 2331 dicit
898 2265 1082 2348 cohaerere,
1112 2269 1149 2329 ut
1171 2269 1278 2328 tamen
1303 2281 1341 2326 ex

198 2375 303 2440 altera
327 2375 440 2458 classe,
463 2373 605 2440 fortasse
630 2394 668 2439 ex
691 2375 761 2456 ipso
775 2381 807 2438 A
830 2375 880 2439 vel
904 2375 1043 2458 quodam
1067 2375 1136 2439 eius
1153 2371 1339 2456 apographo

197 2483 315 2549 multas
339 2483 494 2550 lectiones
518 2485 708 2566 receperit«
754 2483 823 2562 Qun
847 2485 878 2548 in
904 2503 939 2549 re
969 2481 1135 2565 quominus
1167 2483 1195 2546 ei
1226 2479 1340 2546 adsen-

198 2593 289 2672 tirer,
314 2593 368 2659 diu
393 2592 578 2660 obluctatus
601 2613 682 2674 sum,
706 2601 879 2676 propterea
903 2595 985 2676 quod
1003 2594 1034 2658 in
1048 2593 1092 2670 M
1104 2592 1234 2673 Topica,
1259 2608 1341 2672 quae

198 2701 234 2765 F
256 2703 409 2783 continet,
433 2704 551 2766 omissa
576 2705 660 2766 'sunt
707 2703 821 2782 ltaque
844 2700 1004 2766 malebam
1039 2702 1156 2766 docere
1190 2717 1344 2765 consensa

198 2810 324 2874 ratione
349 2809 394 2872 M
413 2826 452 2872 ex
475 2809 586 2874 codice
610 2808 724 2874 classis
747 2808 930 2893 diluxisse,
954 2811 1007 2892 qui
1030 2816 1067 2875 ut
1090 2819 1201 2875 noster
1230 2807 1260 2873 V
1279 2808 1341 2871 To-

195 2909 271 3001 ‘pico
294 2917 485 2984 exclusisset
508 2922 542 2983 et
565 2935 604 2984 ex
627 2917 762 2984 alterius
786 2917 900 2984 classis
933 2918 1043 2984 codice
1066 2917 1101 2981 F
1131 2917 1181 2983 vel
1205 2916 1340 2999 quodam

198 3028 268 3094 eius
304 3026 489 3110 apographo
523 3027 642 3093 multas
677 3026 832 3092 lectiones
866 3021 1054 3109 recepisset.
1111 3027 1178 3092 Nec
1208 3042 1341 3108 prorsus

199 3136 376 3203 destitutus
407 3135 486 3201 mihi
520 3135 654 3201 videbar
688 3154 770 3212 esse,
803 3136 997 3218 praesertim
1031 3153 1102 3201 cum
1137 3141 1225 3200 certe
1260 3132 1342 3199 libro

128 3266 131 3272 ·
197 3247 300 3329 primo
324 3251 357 3311 et
387 3240 527 3312 secundo
559 3246 712 3330 (scilicet,
742 3245 796 3312 ubi
828 3251 992 3313 corrector
1025 3246 1081 3311 ille
1105 3243 1167 3330 (pl)
1202 3245 1255 3327 qui
1279 3243 1341 3307 lec-

197 3355 303 3420 tiones
326 3352 367 3417 ab
394 3353 426 3416 F
445 3355 589 3420 diversas
619 3356 653 3418 in
682 3363 849 3436 parentem
880 3354 1000 3421 codicis
1023 3354 1069 3419 M
1093 3353 1157 3437 (μ’)
1187 3351 1343 3428 intulerit,

198 3456 281 3523 libro
311 3475 407 3540 quam
442 3457 704 3524 emendatissimo
737 3458 933 3525 conficiendo
956 3458 1176 3525 vehementius
1211 3473 1341 3536 operam

199 3563 301 3647 dedit)
325 3581 476 3629 numerus
500 3575 609 3630 eorum
633 3565 786 3645 locorum,
810 3565 927 3649 quibus
949 3565 996 3632 M
1014 3565 1152 3631 classem
1175 3589 1195 3629 α
1225 3582 1339 3647 seque·

196 3679 426 3756 retemptans
456 3673 559 3740 maior
593 3680 690 3758 esset,
723 3694 817 3758 quam
849 3674 965 3758 quibus
987 3677 1019 3758 β,
1051 3693 1156 3756 neque
1190 3674 1341 3740 deessent

197 3781 271 3860 loci,
295 3779 410 3863 quibus
425 3781 472 3848 M
488 3781 573 3848 tales
597 3782 753 3848 lectiones
777 3801 848 3849 cum
872 3785 976 3850 classe
999 3806 1020 3848 o
1036 3801 1217 3848 communes
1240 3781 1339 3848 habe-

196 3894 258 3968 ret,
283 3889 411 3972 quales,
445 3895 481 3956 ut
513 3896 627 3973 aperte
659 3891 759 3958 falsas
790 3897 824 3957 et
858 3897 1026 3974 corruptas
1061 3891 1208 3973 omnique
1244 3910 1339 3959 sensu

196 4003 356 4082 carentes,
387 4005 601 4068 correctorem
632 4000 770 4084 aliquem
800 4007 1004 4084 recepturum
1033 3999 1133 4068 fuisse
1165 4002 1243 4067 mihi
1265 4020 1338 4084 per-

182 4106 335 4173 suadere
357 4125 420 4172 non
443 4114 598 4189 poteram.
636 4110 679 4175 At
694 4108 830 4192 primum
854 4129 917 4178 non
939 4111 1129 4177 numerandi
1152 4115 1245 4177 erant
1267 4109 1339 4188 loci,

195 4215 252 4282 sed
275 4215 506 4300 perpendendi,
530 4223 627 4300 atque
651 4219 803 4301 apparuit
827 4237 882 4285 eos
906 4219 986 4284 adeo
1009 4220 1095 4286 inter
1129 4236 1165 4287 se
1197 4217 1337 4299 differre,

196 4330 232 4392 ut
253 4324 414 4391 interdum
443 4344 526 4393 unus
557 4327 676 4394 multos
705 4328 736 4394 vi
764 4333 953 4412 superarem
986 4324 1101 4395 deinde
1131 4327 1337 4413 cogitandum

197 4441 278 4516 erat,
302 4453 364 4500 non
387 4453 469 4517 quae
491 4454 549 4502 nos
572 4438 735 4519 recepturi
768 4436 950 4520 fuissemus,
985 4437 1042 4502 sed
1074 4455 1155 4520 quae
1191 4436 1342 4526 antiquus

194 4544 250 4611 ille
286 4535 468 4627 corrector}
503 4550 535 4611 et
567 4565 607 4613 ne
630 4547 710 4614 haec
745 4546 872 4629 quidem
906 4545 1019 4614 eadem
1052 4564 1124 4615 esse
1161 4544 1340 4618 constabat.
