3218 5144
852 319 890 388 18

298 511 319 553 a
341 487 485 554 ordinem
509 488 696 556 restitutum
720 505 792 556 esse
815 491 906 553 ratus
929 486 1058 567 omisit3
1081 485 1113 553 in
1137 485 1173 551 B
1195 487 1300 556 adhuc
1324 496 1442 558 exstat.

294 595 377 665 Nam
401 596 534 665 verbum
559 596 846 681 »transmutavit«,
879 595 963 679 quod
986 595 1193 663 Schwenkius
1216 596 1259 662 ad
1286 600 1440 666 »mentita

294 707 357 774 sit«
383 707 572 774 adnotatum
596 726 668 774 esse
692 707 782 791 dicit,
804 726 919 772 revera
934 706 975 772 ad
998 704 1277 789 perturbationem
1298 708 1442 776 releren-

292 817 368 883 dum
392 823 452 883 est.
497 817 639 884 Primum
671 816 753 882 enim
776 818 810 882 in
834 815 869 880 B
890 816 1087 898 glossemata
1118 816 1248 900 singula
1270 816 1369 884 verba
1392 817 1441 886 in-

290 927 508 1009 terpretantis
531 927 673 1008 exeeptis
697 926 761 1008 eis,
793 942 875 1007 quae
898 924 961 990 iam
985 925 1017 989 in
1041 924 1217 1008 archetypo
1239 925 1326 993 inter
1350 927 1440 996 (lice-

288 1036 376 1101 ronis
408 1035 509 1116 ipsius
539 1034 638 1102 verba
667 1035 881 1117 irrepserant,
912 1034 1059 1116 aprima
1087 1053 1184 1102 manu
1215 1035 1328 1104 addita
1362 1057 1439 1104 nus-

288 1161 383 1225 quam
406 1143 630 1223 inveniuntnr;
653 1143 769 1210 deinde
791 1144 876 1210 idem
901 1143 1026 1228 signum
1051 1145 1077 1227 Γ,
1100 1142 1183 1226 qnod
1208 1149 1283 1212 ante
1308 1151 1434 1214 »trans-

287 1255 443 1320 mutavit«
469 1255 501 1319 in
524 1255 668 1337 margine
693 1261 761 1337 est,
795 1254 892 1319 etiam
921 1259 996 1336 post
1027 1253 1239 1336 »gubernari«
1270 1255 1349 1336 fuit,
1381 1255 1438 1323 ubi

290 1364 394 1430 adhuc
418 1365 615 1446 agnoscitur,
638 1381 831 1446 quamquam
855 1382 982 1430 erasum
1007 1369 1057 1430 est
1079 1369 1116 1430 ut
1134 1363 1321 1444 asteriscus,
1345 1383 1438 1447 quem

288 1471 338 1537 ΒΒ
361 1472 475 1539 eodem
505 1474 575 1540 loco
604 1479 776 1556 posuerat;
810 1479 923 1539 contra
954 1474 996 1539 ad
1021 1472 1179 1541 »mentita
1209 1479 1278 1540 est«
1312 1475 1437 1558 signum

285 1582 430 1649 additum
453 1600 556 1665 neque
581 1589 632 1649 est
655 1601 757 1666 neque
780 1582 852 1649 luit.

375 1692 412 1756 ln
436 1693 546 1759 codice
566 1691 595 1758 B
618 1693 714 1760 etiam
738 1694 849 1759 multis
871 1693 945 1760 aliis
971 1692 1237 1761 translationibus
1260 1693 1338 1761 urdo
1361 1713 1433 1776 per·

291 1800 441 1868 turbatus
465 1807 525 1870 est.
571 1802 660 1881 Quae
683 1804 757 1886 quin
781 1803 873 1885 ipsae
895 1823 1021 1886 quoquc
1046 1822 1157 1870 omnes
1180 1804 1244 1870 iarn
1268 1803 1300 1869 io
1324 1803 1435 1870 arche·

289 1920 365 1996 typo
397 1913 535 1995 fuerint,
567 1912 696 1978 dubium
729 1932 802 1980 esse
832 1934 894 1979 non
926 1921 1053 1996 potest,
1086 1921 1182 1996 atque
1213 1916 1235 1998 β
1267 1921 1301 1980 et
1323 1912 1357 1979 B
1379 1931 1434 1980 eas

289 2022 513 2104 apertissimas
536 2030 755 2107 servaverunt,
778 2048 800 2088 α
822 2025 967 2090 ordinem
982 2024 1128 2090 restituit
1139 2024 1172 2107 ¹).
1210 2023 1285 2090 Una
1306 2023 1372 2106 illa,
1396 2022 1435 2087 de

290 2145 353 2210 qua
377 2128 536 2211 copiosius
567 2129 819 2212 disputavimus,
849 2128 925 2195 libri
953 2131 992 2196 cle
1013 2136 1079 2196 aot.
1107 2131 1188 2196 deor,
1211 2130 1343 2197 secundi
1365 2147 1438 2212 per·

290 2235 434 2304 turbatio
466 2239 563 2304 etiam
593 2240 626 2304 in
652 2263 673 2304 α
696 2241 869 2316 remansit,
901 2241 977 2323 quia
1009 2241 1038 2306 is
1061 2240 1116 2323 qui
1138 2264 1160 2305 α
1183 2239 1316 2321 scripsit
1338 2240 1435 2304 inter·

287 2353 385 2428 rupta
408 2348 569 2412 sententia
600 2348 728 2430 expleta
760 2354 793 2414 et
816 2349 1025 2430 sequentibus
1056 2349 1177 2414 additis
1201 2348 1353 2416 damnum
1373 2349 1439 2414 iam

289 2459 452 2520 resartum
475 2474 546 2520 esse
570 2455 707 2537 putabat
719 2455 753 2539 2).
809 2455 900 2534 Quod
925 2463 1031 2522 autem
1055 2457 1115 2523 hoc
1138 2476 1201 2523 uno
1224 2457 1294 2523 loco
1316 2457 1382 2523 iam
1405 2459 1438 2522 in

289 2564 463 2646 archetypo
488 2563 603 2644 aliquis
627 2565 807 2629 sententias
839 2584 901 2632 non
932 2566 1018 2630 coire
1042 2565 1145 2631 sensit
1168 2570 1266 2647 atque
1289 2565 1438 2632 lacunam

288 2674 417 2756 explere
441 2678 574 2738 conatus
597 2677 665 2752 est,
696 2673 878 2740 mirandum
906 2693 968 2741 non
993 2681 1062 2758 est,
1094 2694 1167 2740 narn
1191 2676 1313 2756 primus
1336 2674 1438 2741 totius

291 2782 411 2851 codicis
436 2782 518 2850 liber
541 2802 602 2849 non
627 2782 724 2850 aliter
747 2789 844 2866 atque
873 2784 969 2851 hodie
993 2785 1092 2851 etiam
1116 2785 1259 2867 antiquis
1282 2784 1437 2866 tempori·

287 2892 347 2960 bus
369 2894 498 2976 saepius
521 2893 694 2978 legebatur
716 2899 813 2976 atque
837 2893 1050 2961 tractabatur.
1086 2893 1135 2959 De
1159 2891 1308 2960 omnibus
1330 2896 1438 2957 trans·

286 3001 461 3068 lotionibus
484 3002 549 3067 illis
574 3003 765 3068 coniunctim
789 3021 907 3085 agere,
937 3003 1022 3084 quod
1045 3020 1141 3068 unum
1166 3000 1361 3066 fructuosius
1384 3001 1436 3082 sit,

290 3117 368 3189 tum,
392 3129 462 3176 cum
486 3111 569 3175 banc
591 3110 854 3176 dissertationem
879 3108 1119 3191 componebam,
1142 3110 1281 3176 nondum
1306 3108 1435 3189 licebat,

287 3219 365 3302 quia
390 3238 482 3283 nemo
507 3237 627 3298 eorum,
661 3220 713 3302 qui
738 3218 881 3283 codicem
906 3217 940 3283 B
964 3218 1175 3302 contulerant,
1199 3220 1323 3303 omnia,
1355 3237 1434 3304 quae

291 3326 367 3392 sciri
390 3344 470 3406 opus
495 3331 579 3407 erat,
612 3325 653 3390 de
677 3325 724 3391 eis
748 3325 940 3390 rettullerat.
988 3324 1076 3402 Quae
1100 3326 1263 3407 cumipse
1287 3326 1352 3391 iam
1375 3323 1437 3390 col·

288 3430 376 3496 lecta
398 3429 546 3509 habeam,
569 3428 623 3494 ubi
647 3431 782 3512 primum
806 3435 933 3512 tempus
957 3430 1028 3508 erit,
1051 3431 1114 3495 alio
1139 3431 1208 3496 loco
1225 3431 1265 3496 de
1281 3451 1320 3496 ea
1334 3449 1370 3496 re
1388 3447 1439 3494 ac-

290 3540 433 3605 curatius
457 3537 638 3622 disputabo.
671 3539 720 3604 Ex
736 3540 782 3604 eis
799 3546 907 3606 autem
922 3558 1005 3622 quae
1021 3541 1225 3622 exposuimus
1240 3540 1273 3603 id
1290 3535 1438 3616 eflicitur,

290 3648 431 3714 codicem
457 3647 490 3714 B
514 3650 724 3716 vetustiorem
748 3646 906 3731 praebere
927 3648 1075 3716 lectionis
1098 3647 1304 3724 memoriam3
1327 3644 1439 3710 melio·

289 3776 399 3824 remne
425 3759 522 3824 etiam
546 3757 714 3843 praebeat,
736 3765 852 3840 postea
876 3777 1111 3841 cognoscemus.
1136 3793 1178 3802 —

372 3868 514 3936 111452:
541 3869 675 3951 »Itaque
700 3867 855 3935 Achillem
879 3870 1152 3953 Astypalaeenses
1175 3862 1234 3948 (sic
1255 3861 1364 3928 aazias
1387 3883 1438 3928 co-

363 4155 479 4226 1)1oem
500 4155 626 4211 codicem
645 4157 674 4210 F
690 4156 740 4226 qui
761 4173 795 4212 ex
815 4157 842 4208 B
862 4153 1020 4224 descripsit,
1039 4150 1165 4206 ordinem
1187 4147 1320 4204 restituit.

359 4247 387 4316 2)
409 4247 477 4303 Cum
497 4249 567 4304 base
593 4249 756 4304 dissertatio
783 4249 839 4304 iam
859 4247 1020 4303 litterarum
1039 4243 1135 4299 formis
1155 4241 1377 4309 describeretur,
1405 4257 1440 4295 ex
1476 4277 1478 4282 .

287 4339 450 4396 Schwenlvii
470 4342 592 4412 epistola
611 4342 734 4414 benigne
759 4341 794 4396 ad
815 4358 860 4397 me
880 4340 964 4394 missa
989 4337 1019 4392 in
1038 4339 1065 4390 A
1084 4335 1169 4390 etiam
1188 4334 1309 4390 altarem
1328 4334 1440 4404 pertur-

285 4433 432 4491 bationem
450 4435 628 4508 (inlimaao)
648 4454 706 4493 esse
726 4435 860 4508 cognovi,
879 4451 935 4491 non
948 4431 1056 4498 dubito,
1076 4429 1145 4498 quin
1166 4428 1253 4483 etiam
1273 4427 1343 4488 haee
1362 4429 1448 4484 emta-

284 4531 318 4586 de
338 4547 423 4588 eausa
442 4532 620 4589 remanserit.
