3218 5144
18 4449 21 4544 l

717 357 757 418 65

253 529 422 596 Postremo
446 533 694 596 consentaneum
717 535 778 607 est,
799 526 1044 593 ‘similitudinem
1067 525 1210 594 codicum
1233 525 1310 592 ΡΨ

168 637 340 704 clariorem
364 637 463 702 etiam
485 637 705 719 apparituram
737 635 846 721 fuisse,
879 635 942 703 nisi
972 641 1084 703 tantae
1115 643 1225 718 partes
1257 656 1309 704 co·

169 745 295 813 dicisP
316 746 499 830 periissent,
525 745 782 830 sperandumque
806 751 866 825 est,
890 745 918 812 si
940 744 1038 812 ctiam
1055 744 1130 811 libri
1153 746 1310 812 dedicio.

168 877 249 942 quos
272 855 405 940 praeter
425 856 463 921 ote
484 860 554 920 nat.
577 854 660 920 deor.
684 855 716 921 P
746 845 889 920 continet
929 853 1033 919 denuo
1064 852 1174 920 collati
1206 860 1310 933 erunt,

168 965 237 1034 fore
260 969 296 1032 ut
318 963 438 1032 certius
460 961 605 1031 iudicare
627 961 796 1044 possimus.

498 1346 552 1413 Ilo
574 1343 697 1412 codiee
723 1343 760 1424 0,
782 1341 989 1412 Heinsiano.

258 1524 380 1602 Quarto
403 1522 473 1588 loeo
496 1519 589 1586 nobis
614 1538 712 1604 agere
728 1518 953 1603 proposuimus
970 1516 1010 1582 de
1024 1515 1135 1582 codice
1160 1513 1195 1595 0,
1213 1514 1311 1580 Hein-

170 1635 271 1700 siano.
305 1633 353 1697 De
371 1649 431 1713 quo
448 1631 533 1696 inter
556 1628 642 1694 viros
665 1628 777 1694 doctos
801 1646 863 1693 non
884 1645 986 1709 parva
1002 1624 1127 1690 exstitit
1143 1622 1310 1690 dissensio.

171 1733 227 1808 Ab
246 1742 352 1807 altera
374 1744 469 1822 parte
485 1739 649 1832 Vahlenus
673 1734 726 1822 (cf.
750 1735 851 1817 praei.
876 1735 926 1800 ed.
949 1733 1022 1799 libr.
1044 1733 1082 1797 de
1105 1732 1181 1814 lepp.
1196 1748 1227 1812 p.
1239 1729 1312 1812 Xll)

171 1853 271 1917 »hunc
297 1847 411 1914 librum
435 1846 474 1914 ab
499 1847 613 1912 cadem
637 1863 709 1910 curn
723 1843 890 1909 Vossianis
913 1842 1038 1927 origine
1060 1841 1165 1923 repeti
1188 1856 1313 1905 eorum-

174 1976 235 2040 que
256 1956 362 2039 fidem,
385 1955 441 2021 ubi
464 1953 649 2020 testimonia
680 1953 713 2016 in
743 1951 822 2033 ipsis
855 1949 1026 2032 perspicue
1058 1949 1180 2032 scripta
1210 1966 1313 2029 neque

174 2066 315 2131 radendo
351 2063 473 2129 detrita
510 2063 592 2142 sint,
629 2078 746 2142 augere
782 2078 843 2123 non
881 2076 994 2140 posse«
1024 2056 1237 2134 existimavit,
1272 2052 1312 2122 ab

175 2173 279 2240 altera
312 2173 345 2238 C.
366 2173 400 2239 F.
418 2171 468 2236 W.
493 2171 667 2236 Muellerus
700 2167 752 2250 (ci.
777 2166 878 2249 praef.
914 2167 963 2232 ed.
996 2165 1067 2230 libr.
1100 2167 1138 2230 de
1171 2165 1247 2248 lepp.
1282 2183 1313 2245 p.

173 2281 308 2366 XXXII)
333 2286 365 2346 et
377 2279 535 2345 londanus
557 2277 610 2359 (cf.
627 2275 733 2360 Symb.
758 2275 798 2340 ad
821 2275 896 2341 bist.
921 2275 995 2358 ling.
1019 2276 1076 2340 lat.
1104 2277 1211 2358 1879),
1235 2290 1315 2355 quos

177 2391 232 2456 alii
257 2391 358 2456 secuti
382 2397 467 2468 sunt,
492 2388 634 2453 codicem
658 2384 686 2452 0
707 2385 756 2453 vel
779 2384 880 2468 pluris
910 2402 1006 2467 quam
1029 2383 1204 2451 Vossianos
1225 2380 1258 2445 A
1282 2386 1315 2448 et

175 2497 209 2563 B
230 2497 386 2580 feceruut,
410 2516 482 2563 cum
503 2497 559 2562 ille
583 2495 716 2573 diceret,
741 2513 796 2560 »se
820 2507 892 2559 eum
907 2511 1062 2576 nusquam
1079 2489 1317 2577 neglegendum

176 2624 318 2688 censere,
343 2606 469 2684 nedum,
493 2622 575 2686 quae
597 2603 728 2685 propria
752 2600 897 2684 baberet,
921 2599 1056 2667 arbitrio
1073 2605 1220 2666 correcta
1242 2617 1316 2665 eon·

176 2713 335 2788 cederet«
346 2712 399 2776 hic
412 2713 480 2777 eius
495 2713 681 2775 memoriam
694 2709 857 2792 propriam
875 2713 908 2775 et
924 2707 1121 2776 aVossianis
1136 2706 1316 2774 seiunctam

175 2820 280 2901 iisque
304 2818 385 2884 adeo
409 2822 519 2883 aetate
543 2835 603 2882 non
628 2818 728 2882 solum
753 2817 948 2886 auctoritate
971 2814 1168 2897 superiorem
1185 2817 1317 2895 putaret

174 2944 256 2994 esse.
1302 2989 1304 2992 .

267 3039 312 3102 Ae
334 3035 399 3101 iam
422 3040 458 3100 ut
480 3034 542 3116 ipsi
565 3053 634 3100 rem
669 3034 905 3116 aggrediamur,
938 3035 998 3100 boc
1031 3031 1210 3100 certissime
1243 3049 1317 3097 con-

177 3151 254 3225 stat,
280 3144 421 3211 codicem
447 3143 533 3210 Oex
564 3143 674 3210 eodem
700 3161 738 3210 ex
773 3163 834 3227 quo
867 3149 994 3211 ceteros
1029 3142 1156 3210 codices
1191 3144 1318 3208 nostros

176 3243 638 3334 omncsfluxissea1·clretypo
664 3257 697 3317 et
720 3257 809 3318 stare
839 3251 880 3317 ab
910 3252 1023 3318 ordine
1045 3250 1150 3331 APV,
1183 3255 1318 3334 parente

176 3385 206 3425 α.
254 3360 352 3427 Cuius
375 3360 422 3424 rei
458 3361 603 3442 exempla
626 3377 819 3442 quamquam
850 3360 912 3442 ipsi
943 3362 974 3425 in
996 3361 1058 3428 hac
1088 3360 1318 3426 dissertatione

177 3471 226 3532 tot
269 3466 334 3532 iam
371 3464 689 3530 commemoravimus
731 3471 860 3548 totque,
911 3466 1099 3549 quicumque
1139 3467 1318 3534 Schwenlcii

179 3580 371 3657 apparatum
394 3573 551 3655 perleget,
575 3571 607 3637 in
632 3573 743 3654 quavis
766 3575 885 3656 pagiua
908 3572 1058 3653 inveniet,
1081 3579 1117 3639 ut
1140 3575 1178 3657 is,
1202 3575 1255 3658 qui
1279 3578 1319 3640 de

178 3699 217 3746 ea
241 3679 378 3763 dubitet,
402 3679 481 3744 nihil
505 3679 567 3745 nisi
590 3680 690 3746 risum
716 3699 843 3746 movere
861 3681 972 3764 possit,
998 3686 1105 3746 tamen
1120 3700 1225 3762 pauca
1247 3703 1319 3765 gra·

180 3789 321 3873 vissima,
355 3807 457 3873 quae,
491 3788 619 3855 etiamsi
643 3789 730 3855 nulla
762 3789 826 3856 alia
857 3789 1086 3873 invenirentur,
1118 3791 1187 3857 sola
1218 3795 1320 3858 totam

180 3913 247 3961 rern
273 3895 606 3977 confiee1·ent,bicin
630 3898 817 3964 memoriam
841 3915 974 3964 revoco:

263 4005 337 4070 ll:
373 4005 412 4070 cl.
444 4025 474 4086 p.
505 4010 545 4069 22
578 4023 638 4087 ss.;
675 4006 829 4074 111520:
863 4004 901 4072 cl.
934 4023 964 4088 p.
993 4009 1031 4070 16
1055 4023 1118 4086 ss.;
1151 4006 1319 4087 11113o;

178 4114 272 4190 mon
297 4128 352 4176 eos
376 4111 463 4176 locos
487 4127 566 4192 quos
589 4110 630 4176 ad
655 4111 774 4177 codicis
799 4111 844 4176 Β1
878 4111 1107 4178 auctoritatem
1130 4109 1318 4177 confirman-

178 4217 252 4283 dam
274 4235 305 4298 p.
330 4221 459 4283 31--44
482 4215 586 4281 attuli.

270 4324 375 4407 Atque
399 4322 581 4390 simillimus
605 4328 656 4389 est
682 4321 709 4388 Ο
730 4322 794 4405 ipsi
819 4325 920 4391 codici
943 4324 986 4406 A,
1011 4345 1085 4393 nam
1109 4324 1277 4392 conferas:
1321 4384 1323 4388 Α

235 4433 340 4502 [4ης
364 4432 592 4517 tempestates]
615 4436 804 4516 tempestas,
828 4438 863 4497 at
883 4433 955 4515 oid,
979 4432 1076 4500 A101.

258 4544 342 4610 212:
366 4541 454 4625 nam]
477 4560 541 4610 non
563 4537 668 4608 A¹O¹.

1009 4682 1053 4788 'b
