3218 5144
855 301 894 360 54

391 472 548 556 Equidem
571 478 648 555 puto
671 490 733 537 uno
758 472 812 536 illo
836 475 906 536 »ut«
933 469 1044 536 addito
1070 473 1173 536 totum
1200 470 1305 546 locum
1332 487 1448 535 sanum

301 582 381 667 fieri,
405 601 508 665 neque
530 583 617 647 »hice
651 581 683 646 in
717 583 824 646 »hinc«
858 600 961 663 neque
998 581 1100 647 »nite«
1134 581 1166 645 in
1204 580 1306 646 »alto«
1341 598 1448 660 neque

302 692 493 759 »ostendeus
517 689 673 774 emergit«
699 690 730 754 in
755 708 940 774 »emergens
965 688 1124 753 ostendit«
1151 687 1338 754 mutandum
1362 705 1446 752 esse.

304 798 364 864 Hic
388 799 471 864 enim
495 803 545 863 est
567 815 696 863 sensus:
733 815 793 862 »an
827 795 935 863 dieser
957 795 1056 860 Stelle
1090 794 1169 860 aber
1202 793 1340 860 erblickt
1371 811 1447 858 rnan

304 904 366 970 den
382 903 547 985 Scorpion,
569 922 605 969 so
628 902 676 969 oft
698 921 734 968 er
757 901 825 968 sich
849 903 881 966 iu
906 901 1027 967 seinem
1051 901 1154 968 vollen
1171 901 1293 966 Glanze
1309 898 1446 981 zeigend

303 1012 534 1096 paetendens«
559 1010 645 1076 idem
669 1010 736 1076 fere
770 1017 866 1092 atque
892 1008 1115 1095 »ostentarem
1150 1009 1233 1075 hoch
1257 1007 1444 1090 aufsteigt.«

303 1118 339 1182 In
362 1119 554 1183 Arateorum
577 1115 741 1182 codicibus
771 1115 964 1182 »ostendens
998 1115 1153 1198 emergit«
1186 1115 1219 1180 in
1253 1112 1448 1179 »ostendens

305 1225 473 1292 ostendat«
504 1225 623 1307 duplici
654 1243 763 1291 errore
795 1230 947 1306 corrupta
979 1230 1069 1304 sunt,
1112 1242 1182 1289 cum
1215 1223 1351 1306 primum
1385 1240 1447 1302 pro

307 1335 480 1420 »emergit«
502 1335 677 1400 »ostendit«
701 1353 739 1400 ex
762 1334 971 1400 »ostendens«
998 1337 1210 1415 repeteretur,
1243 1331 1358 1397 deinde
1380 1350 1447 1396 non

304 1445 470 1511 intellecta
494 1443 715 1511 coniunctione
741 1449 814 1508 »ut«
849 1442 1066 1508 coniunctivus
1096 1460 1154 1522 pro
1184 1440 1358 1506 indicativo
1391 1460 1449 1522 po·

217 1585 222 1600 ⁴
304 1561 445 1621 peretur.
470 1592 512 1600 --

395 1669 511 1732 11312:
540 1665 669 1746 plexum
689 1661 877 1745 AB¹OPV,
910 1662 1025 1729 flexum
1048 1661 1239 1727 Aroicornm
1264 1659 1383 1725 codices
1417 1667 1449 1726 et

304 1772 363 1856 132,
387 1773 441 1858 qui
463 1794 501 1838 ea
523 1775 568 1838 eis
590 1773 706 1836 hausit.
729 1809 769 1818 -

395 1888 510 1950 ll4rs:
543 1881 613 1964 ille]
636 1881 762 1947 AOPV
785 1887 813 1946 cl
835 1879 1027 1946 Amicorum
1056 1879 1186 1961 codices,
1216 1878 1291 1944 inde
1316 1878 1359 1963 B,
1384 1880 1448 1946 nde

304 1987 509 2058 mmm

392 2099 537 2183 Apparet
559 2117 631 2164 eum
661 2099 715 2180 qui
741 2098 853 2163 »inde«
879 2099 994 2181 legerit
1017 2116 1079 2163 non
1104 2097 1224 2180 legisse
1252 2103 1308 2162 aut
1337 2097 1448 2180 legere

306 2208 446 2275 noluisse
478 2227 588 2290 »quem
611 2206 843 2291 subsequens«;
877 2208 929 2288 qui
953 2212 1060 2273 autem
1087 2225 1200 2289 »quem
1223 2204 1446 2289 subsequens«

303 2319 450 2401 removit,
478 2319 538 2384 hoc
561 2317 648 2400 iecit,
683 2317 767 2400 quod
790 2336 903 2384 uersus
925 2336 988 2382 non
1012 2317 1145 2383 coirent.
1180 2315 1294 2398 Itaque
1319 2312 1368 2379 13¹
1389 2320 1447 2382 aut

308 2444 421 2506 »quem
445 2425 664 2507 subsequens«
690 2425 800 2490 delere
823 2423 942 2490 oblitus
967 2430 1027 2504 est,
1052 2429 1108 2490 aut
1132 2444 1170 2490 ex
1194 2425 1304 2492 codice
1327 2426 1444 2508 hausit,

306 2536 337 2599 iu
361 2553 423 2617 quo
446 2535 511 2599 iam
533 2534 652 2616 partim
675 2533 869 2614 coniectura,
893 2534 1013 2615 partim
1037 2535 1228 2600 Arateorum
1252 2535 1353 2618 aliquo
1385 2553 1438 2600 co·

306 2638 378 2705 dice
400 2637 544 2704 adhibito
568 2657 677 2705 omnes
700 2658 828 2719 versus,
866 2640 919 2722 qui
950 2639 1037 2721 pleni
1070 2657 1133 2705 uon
1168 2639 1302 2724 fuerant,
1334 2638 1437 2720 aliquo

307 2743 402 2810 modo
435 2743 555 2827 expleti
586 2749 698 2824 erant,
734 2763 795 2826 qua
830 2745 861 2808 in
896 2763 931 2809 re
964 2743 1061 2810 etiam
1096 2744 1179 2810 aliae
1207 2750 1239 2810 et
1269 2749 1372 2810 rectae
1406 2749 1440 2808 et

278 2853 409 2919 narsae
444 2852 636 2918 Arateorum
671 2853 827 2918 lectiones
866 2853 896 2916 in
929 2853 1011 2918 huuc
1045 2853 1083 2918 de
1115 2857 1180 2918 aod.
1212 2853 1296 2918 deor.
1330 2850 1444 2917 librum

307 2963 515 3030 transierant.
550 2999 593 3009 -

398 3073 512 3136 llere:
544 3067 635 3146 Quod
666 3072 889 3152 »tangentem«
923 3067 954 3131 in
980 3067 1014 3130 B
1045 3067 1182 3148 primum
1212 3069 1244 3132 iu
1270 3087 1344 3134 »es«
1378 3087 1449 3134 cor·

305 3185 439 3254 rectum,
463 3177 578 3242 deinde
602 3177 786 3242 restitutum
811 3183 871 3258 est,
896 3176 973 3241 nihil
997 3177 1041 3241 sit
1071 3177 1132 3241 nisi
1162 3179 1347 3243 coniectura
1380 3197 1453 3244 cor-

305 3286 443 3353 rectoris
468 3283 527 3365 132,
551 3303 743 3366 quamquam
767 3285 862 3349 etiem
888 3285 1137 3366 Schoemaunus,
1162 3288 1282 3354 inscius
1306 3287 1451 3370 quidem,

306 3398 337 3463 in
362 3395 472 3462 codice
496 3412 620 3477 quoque
643 3396 703 3459 hoc
727 3413 808 3472 esse,
832 3395 864 3459 in
890 3393 1031 3461 editione
1055 3395 1098 3462 IV
1124 3396 1170 3462 sic
1194 3396 1333 3479 scripsit.
1360 3433 1403 3442 -—

396 3511 510 3574 illm:
537 3502 636 3581 Quem
653 3503 770 3586 (Quam
794 3502 856 3588 13¹)
880 3505 976 3589 louge
999 3511 1180 3588 serpentem
1206 3511 1239 3571 et
1262 3512 1449 3572 manantem

306 3615 444 3696 aspicies

392 3740 590 3803 proceraque
614 3723 717 3787 vincla
742 3721 864 3788 videbis
888 3720 1075 3804 AB¹GPV,

393 3831 493 3908 Quam
517 3831 612 3916 longe
636 3833 773 3914 aspicias
795 3851 994 3914 proceraque
1020 3833 1124 3898 vincla
1149 3831 1272 3898 videbis
1287 3831 1341 3896 Bl.

393 3940 546 4022 »Quam«,
572 3942 735 4022 quodiam
755 3939 797 4005 B¹
825 3942 913 4024 legit,
938 3940 1021 4008 falsa
1038 3941 1224 4007 coniectura
1242 3949 1293 4007 est
1308 3943 1449 4012 hominis

303 4047 418 4114 durum
434 4049 512 4114 illud
525 4051 707 4130 ›quemnad
729 4049 904 4116 ›fluminis‹
919 4079 937 4104 =
955 4050 1127 4117 »Eridani«
1147 4049 1283 4117 relatum
1309 4071 1371 4116 non
1398 4055 1448 4119 in·

304 4156 500 4242 tellegentis.
547 4155 596 4221 13²
618 4165 727 4224 autem
752 4163 954 4242 »serpentem
977 4162 1249 4239 emanantem«,
1273 4160 1356 4241 quod
1380 4163 1446 4226 iam

304 4265 433 4349 saepius
457 4266 603 4351 vidimus,
625 4269 712 4334 nulla
736 4269 800 4335 alin
823 4287 922 4336 causa
945 4268 1075 4352 delevit,
1099 4266 1160 4333 nisi
1182 4273 1219 4333 ut
1242 4287 1353 4334 versus
1377 4271 1448 4352 ple·

302 4392 361 4441 nos
383 4374 547 4459 redderet,
571 4395 716 4461 quaeque
738 4378 786 4443 illi
809 4397 871 4444 non
896 4382 1059 4461 caperent,
1082 4382 1273 4443 removeret.
1292 4413 1332 4424 -

390 4490 449 4549 114
461 4506 499 4554 ro:
512 4487 626 4569 chelis]
640 4508 687 4552 orn
697 4487 755 4570 B¹,
767 4488 848 4554 cetis
858 4487 889 4551 A
899 4487 965 4574 (scd
978 4506 993 4552 s
1004 4483 1205 4572 expunctum)
1215 4483 1283 4570 PV,
1295 4487 1397 4554 caetis
1412 4490 1449 4556 0.
