3218 5144
818 247 837 310 8

256 433 336 504 sum,
358 415 476 486 deinde
499 413 539 484 ab
564 416 634 502 ipsa
657 416 761 500 prima
783 434 878 482 mann
901 417 1155 500 superscriptum
1178 437 1262 488 esse.
1306 419 1402 486 Cate-

255 543 326 593 rum
351 525 504 592 »modus«
530 529 563 590 et
589 525 764 591 »mundus«
789 544 886 608 saepe
910 526 1162 610 confunduntur,
1186 534 1221 594 ut
1244 528 1402 602 1149102

256 635 400 718 modum]
424 633 574 702 mundum
597 633 684 714 BF3
720 641 759 700 59
773 654 818 704 ao:
841 655 942 717 prope
966 635 1105 724 modum]
1127 655 1228 718 prope
1251 637 1401 706 mundum

258 743 352 825 13¹&
380 748 495 838 120ac:
519 743 685 828 mundum]
709 744 838 810 mudurn
862 742 926 823 A1;
951 744 991 809 al.
1016 745 1075 810 loc.
1099 782 1142 790 -

346 859 438 922 342³:
481 853 549 918 »En
578 852 691 930 eadem
720 853 864 920 Platonis
896 852 1006 920 schola
1029 854 1182 920 Ponticus
1212 854 1403 924 Heraclides

257 960 435 1044 puerilibus
458 960 576 1026 fabulis
593 960 723 1028 refersit
740 960 840 1026 libros
857 966 890 1026 et
907 966 1015 1031 tamen
1033 961 1126 1027 modo
1149 961 1310 1046 mundum,
1335 968 1403 1028 turn

258 1075 398 1136 mentem
421 1070 560 1138 divinam
584 1089 656 1136 ease
679 1075 774 1152 putat
797 1089 825 1136 e.
843 1088 872 1151 q.
890 1088 935 1136 s«
1426 1058 1440 1076 '

291 1184 293 1188 ’
347 1161 507 1246 »Tamen«
533 1183 666 1261 propter
688 1196 817 1244 sonsum
841 1176 919 1242 ferri
943 1197 1004 1242 non
1027 1183 1146 1260 potest,
1170 1184 1268 1260 atque
1285 1179 1403 1246 Schoe-

260 1306 392 1354 mannus
414 1288 496 1354 scite
518 1288 578 1352 hoc
602 1285 734 1354 verbum
758 1307 797 1352 ex
819 1285 901 1352 falso
931 1288 1014 1353 lecto
1038 1287 1131 1372 signo
1153 1296 1204 1354 calc
1228 1317 1268 1342 =
1295 1295 1401 1354 »turn«

261 1403 365 1464 ortum
389 1415 460 1462 esse
485 1396 639 1476 coniecit,
671 1397 755 1478 quod
786 1395 938 1462 librarius
969 1398 1018 1462 vel
1051 1399 1152 1464 lector
1185 1398 1284 1480 aliqui
1307 1397 1405 1464 verbo

262 1505 395 1572 »modo«
421 1505 721 1588 superscripsisset,
752 1525 822 1571 curn
853 1507 948 1571 alteri
975 1513 1081 1572 »tum«
1108 1508 1248 1573 alterum
1271 1527 1404 1590 respon-

261 1616 338 1684 dere
375 1615 494 1681 debere
525 1622 684 1698 putasset.
742 1615 810 1682 Hoc
844 1617 890 1680 ita
929 1634 1001 1681 esse
1035 1618 1179 1698 potuisse
1215 1637 1278 1684 non
1313 1637 1404 1702 nego,

262 1742 454 1805 quamqualn
479 1743 540 1789 non
563 1724 732 1806 intellego,
765 1743 821 1789 cur
843 1724 946 1790 lector
968 1724 1022 1790 ille
1045 1745 1107 1790 non
1131 1744 1269 1807 sequens
1296 1732 1403 1792 »tum«

261 1833 294 1901 in
321 1832 474 1915 amodo«,
509 1833 565 1898 sed
597 1833 792 1900 antecedens
825 1833 958 1899 »modo«
984 1833 1015 1898 in
1041 1841 1148 1900 »turn«
1174 1837 1352 1902 correxerit
1374 1842 1407 1902 ct

264 1960 321 2006 cur
355 1941 428 2006 aliis
460 1941 555 2020 locis,
591 1943 644 2023 qui
678 1961 779 2023 prope
802 1942 936 2021 adsunt,
969 1942 1023 2008 ubi
1058 1943 1172 2009 eadem
1210 1945 1343 2010 »modo«
1373 1952 1408 2011 et

265 2056 372 2118 »tum«
398 2051 483 2124 inter
505 2069 540 2119 se
565 2057 776 2134 opponuntur,
800 2053 927 2117 omnino
951 2052 1029 2116 nihil
1053 2053 1233 2118 mutaverit.
1272 2054 1334 2118 Sed
1359 2053 1406 2116 in-

264 2157 359 2224 terim
381 2174 514 2238 prorsus
538 2157 723 2224 omittamus
746 2159 805 2222 hoc
828 2156 969 2224 verbum.
1016 2158 1181 2225 Habemus
1203 2160 1321 2243 igitur:
1357 2163 1410 2225 >et

264 2265 358 2329 modo
399 2265 566 2340 nrundunr,
599 2270 667 2331 tum
710 2273 849 2332 mentem
881 2266 1021 2332 divinam
1061 2287 1133 2332 esse
1165 2272 1290 2348 putat«.
1342 2266 1409 2330 lam

266 2373 413 2453 quaestio
448 2375 567 2456 oritur,
609 2392 682 2437 num
716 2374 828 2440 Cicero
863 2375 989 2440 omnino
1024 2375 1108 2440 inter
1140 2393 1176 2440 se
1210 2373 1411 2440 coniunxerit

269 2481 527 2548 »modo—tumr.
572 2483 608 2547 In
632 2482 832 2550 orationibus
862 2485 984 2550 nullum
1007 2490 1115 2550 exstat
1138 2483 1332 2564 exemplum,
1357 2500 1412 2546 ne-

266 2610 327 2674 que
359 2591 457 2657 ullum
491 2591 523 2656 in
561 2591 708 2677 epistulis
740 2592 886 2674 equidenr
914 2593 1029 2659 inveni.
1085 2592 1172 2671 Quae
1207 2610 1271 2657 una
1301 2589 1410 2656 afferri

265 2705 410 2782 possunt,
434 2701 513 2766 baec
537 2706 621 2784 sunt,
646 2720 727 2783 quae
750 2702 781 2766 in
799 2702 848 2767 bis
865 2703 944 2784 ipsis
967 2704 1005 2768 de
1027 2708 1145 2766 notura
1168 2701 1295 2766 alcorano
1318 2699 1410 2766 libris

265 2809 485 2884 inveniuntur:

354 2921 369 2990 I
393 2925 434 3005 31-
446 2940 492 2990 aa:
527 2920 639 2987 »Facit
673 2921 756 2986 anim
778 2919 982 3004 (Xenophon)
1008 2969 1014 2984 .
1039 2967 1046 2984 .
1073 2920 1270 2984 ‚Socratem
1302 2919 1412 2999 dispu-

266 3033 407 3109 tantem,
432 3029 569 3095 formam
592 3028 644 3093 dei
668 3029 779 3108 quaeri
803 3047 864 3091 non
889 3033 1055 3107 oportere,
1081 3027 1279 3106 eundemque
1303 3031 1337 3090 et
1359 3044 1412 3092 so-

268 3137 330 3202 lem
354 3141 387 3201 et
412 3136 553 3202 animum
575 3135 669 3202 deum
692 3133 801 3198 dicere
825 3139 858 3198 et
880 3132 999 3197 niodo
1022 3151 1136 3215 unurn,
1168 3137 1250 3198 turn
1274 3139 1412 3198 autem

265 3245 374 3327 plnres
398 3243 504 3310 deos«

355 3352 387 3422 11
414 3356 513 3420 1021:
538 3351 630 3432 isque
654 3351 730 3434 (sol)
754 3349 861 3416 oriens
884 3355 918 3416 et
941 3350 1090 3415 occidens
1113 3349 1198 3414 diem
1222 3355 1412 3432 noctemque

268 3459 395 3531 coniicit
418 3467 452 3527 et
474 3459 589 3528 modo
613 3459 786 3541 accedens,
818 3464 898 3526 tum
923 3464 1062 3524 autem
1086 3458 1242 3524 recedens
1267 3457 1358 3523 binas
1381 3458 1411 3524 in

270 3569 407 3658 singulis
432 3569 525 3639 annis
548 3569 749 3636 reversiones
772 3567 812 3634 ab
837 3575 979 3636 extremo
1004 3567 1183 3633 contrarias
1206 3566 1315 3632 facita

357 3680 436 3752 135
449 3699 495 3750 aa:
533 3677 666 3746 >modo
708 3679 790 3744 enim
830 3679 929 3746 menti
968 3676 1107 3743 divinum
1147 3675 1262 3742 tribuit
1296 3676 1414 3758 (Theo-

271 3788 439 3872 phrastus)
469 3788 701 3872 principatum,
738 3787 855 3854 modo
888 3787 995 3870 caelo,
1029 3791 1112 3852 turn
1144 3793 1282 3852 autem
1313 3784 1417 3870 signis

270 3895 494 3983 sideribusque
517 3895 742 3964 caelestibus«

359 4002 376 4066 I
400 4007 481 4070 332:
513 4002 649 4067 »rn0do
673 4002 756 4067 eninr
780 4002 880 4067 menti
911 3999 1025 4067 tribuit
1049 3999 1269 4082 (Aristoteles)
1292 4015 1417 4063 ornnem
1497 4026 1503 4031 ·

276 4109 495 4192 divinitatem,
529 4109 646 4176 modo
668 4109 820 4176 rnundum
843 4109 947 4191 ipsum
970 4108 1064 4174 deum
1088 4107 1167 4173 dicit
1189 4126 1277 4187 esse,
1300 4105 1418 4172 modo

273 4219 373 4286 etiam
397 4216 556 4302 quendam
579 4217 727 4301 praeficit
748 4219 867 4284 mundo
891 4219 982 4301 eique
1005 4235 1060 4284 eas
1083 4219 1194 4298 partes
1218 4213 1347 4293 tribuit,
1382 4220 1419 4279 ut

273 4329 483 4416 replicatione
508 4328 643 4415 quadarn
667 4328 776 4395 mundi
793 4335 912 4394 motum
937 4333 1030 4410 regat
1053 4331 1149 4412 atque
1171 4329 1311 4404 tueatur,
1335 4325 1418 4390 tum

273 4439 353 4506 caeli
377 4437 527 4505 ardorem
550 4437 644 4504 deum
669 4438 746 4504 dicit
771 4456 871 4506 esse«
