3218 5144
697 371 738 434 2³7

235 549 325 614 Taso.
348 547 377 612 V
401 551 458 612 70:
488 545 595 611 »Haec
626 544 784 611 tractanti
813 543 919 610 animo
951 548 985 610 et
1013 547 1125 610 noctes
1156 548 1190 609 et
1218 542 1289 610 dies

144 658 299 741 cogitanti
331 655 457 724 exsistit
480 657 579 722 illaa
609 655 670 722 deo
693 653 828 735 Delphis
857 658 1033 736 praecepta
1062 653 1224 738 cognitio,
1254 657 1291 718 ut

143 757 215 846 ipsa
238 781 274 829 se
295 779 386 828 mens
411 765 569 847 agnoscat
591 762 857 842 coniunctamque
886 777 958 826 cum
988 758 1095 825 divina
1124 764 1232 826 mente
1256 775 1308 853 se·

145 870 273 951 sentiat,
298 889 336 937 ex
360 889 421 953 quo
445 867 622 936 insatiabili
646 867 763 952 gaudio
787 867 966 951 completur
990 887 1018 933 e.
1036 885 1064 950 q.
1083 887 1134 934 a«.

229 1011 397 1076 Postremo
420 1027 459 1074 ne
481 1007 647 1091 putareris
663 1023 772 1073 vocem
797 1005 1005 1092 »agnitionis«
1027 1005 1193 1072 monachis
1216 1005 1290 1086 illis,

143 1121 196 1203 qui
219 1117 347 1186 codices
370 1123 499 1184 nostros
523 1117 785 1199 descripserunt,
818 1116 1006 1182 inusitatius
1036 1113 1145 1182 inisse.
1190 1115 1290 1182 Immo

141 1230 174 1294 in
198 1246 346 1294 sermone
370 1227 560 1309 saepissime
584 1245 622 1292 eo
646 1223 829 1306 utebantur,
853 1224 971 1309 quippe
994 1243 1127 1308 quorum
1149 1225 1289 1308 permul-

143 1343 213 1402 tum
234 1336 426 1418 interesset,
458 1340 495 1401 ut
517 1335 617 1401 totius
639 1335 724 1400 illius
747 1335 885 1418 aetatis,
909 1335 1004 1400 deum
1027 1353 1118 1402 suum
1142 1335 1290 1401 christia-

145 1465 221 1536 num
246 1445 396 1527 agnosci,
430 1446 480 1510 uel
504 1445 606 1526 magis
627 1444 788 1510 interdum
811 1462 907 1527 quam
931 1445 1089 1527 cognosci.
1136 1445 1290 1512 Fortasse

147 1555 430 1637 etiam1115322,
453 1553 507 1621 ubi
531 1554 703 1620 traduntur
725 1552 839 1620 verba:
864 1554 971 1633 »Quae
996 1558 1149 1620 contuens
1166 1553 1290 1622 animus

146 1663 264 1746 accipit
288 1664 329 1729 ad
353 1663 564 1746 cognitionem
590 1662 757 1743 deorum«,
787 1663 820 1728 in
844 1664 1018 1746 archetypo
1041 1661 1139 1729 verbo
1163 1664 1290 1750 »cogni-

143 1826 281 1894 tionem«
314 1824 397 1891 »ad«
425 1826 680 1908 superscriptum
706 1825 789 1909 luit,
823 1769 1092 1911 »arguitionem«,
1124 1831 1161 1892 ut
1186 1824 1291 1894 conis·

145 1935 255 2018 cturis,
279 1953 359 2017 quas
377 1939 619 2016 temptaverunt
633 1934 700 2000 uiri
723 1933 819 2016 docti,
844 1951 923 2016 opus
946 1953 1009 1999 non
1033 1934 1085 2014 sit,
1108 1934 1166 2000 scd
1189 1933 1291 2000 elimi-

143 2042 285 2110 nandum
305 2048 431 2108 tantum
452 2042 533 2108 illud
556 2042 648 2122 »ad«;
673 2041 712 2108 ci.
728 2042 760 2108 Il
778 2044 875 2112 140³:
899 2041 1050 2108 »deorum
1074 2042 1286 2124 cognitionem

33 2149 34 2153 ’
145 2169 290 2234 capere«.

232 2258 355 2340 Quibus
378 2258 473 2327 rebus
497 2259 652 2344 expositis
676 2278 868 2344 quamquam
900 2259 1030 2328 dubium
1053 2280 1114 2327 non
1139 2276 1210 2328 esse
1234 2279 1290 2342 po·

142 2373 219 2449 test,
242 2369 318 2452 quin
332 2369 444 2436 Cicero
468 2369 527 2440 »ad
546 2367 777 2452 cognitionem«
800 2369 978 2451 scripserit,
1002 2376 1110 2436 tamen
1129 2368 1170 2436 ab
1185 2369 1290 2436 altera

144 2485 237 2561 parte
260 2479 492 2565 »agnitionem«
516 2479 644 2546 omnino
666 2499 729 2545 non
753 2479 915 2562 quadrare
932 2480 1148 2548 demonstrari
1170 2486 1289 2563 potest.

145 2589 226 2654 Nam
260 2589 343 2672 quod
377 2588 457 2654 dicit
479 2589 625 2656 Schoem.
656 2590 869 2672 »agnitionem
900 2590 1014 2656 animi«
1045 2590 1204 2656 neminem
1227 2609 1289 2656 non

144 2717 214 2763 eam
245 2715 316 2762 esse
345 2697 653 2782 intellegere,.qua
682 2698 807 2764 animus
838 2704 1049 2780 agnoscatur,
1081 2699 1197 2765 falsum
1229 2705 1289 2766 est.

144 2805 246 2870 Immo
270 2806 297 2870 si
320 2805 359 2870 de
382 2805 562 2887 »agnitione
586 2805 701 2869 animi«
725 2805 859 2884 dicitur,
891 2825 1018 2889 semper
1042 2807 1227 2872 Socraticae
1249 2808 1289 2872 il-

147 2913 211 2979 lius
233 2912 396 2980 doctrinae
420 2914 644 2996 admonemur,
669 2931 731 2994 qua
753 2913 897 2995 animus,
921 2914 1005 2997 quod
1029 2912 1136 2998 discit,
1158 2915 1288 2980 remini-

143 3023 264 3090 scendo
294 3043 470 3110 agnoscere
499 3023 659 3104 traditur,
693 3022 1097 3108 cf.Tcsc.15'le.q.s.
1152 3025 1214 3092 Sed
1248 3027 1288 3093 de

143 3132 205 3200 hac
229 3153 265 3199 re
287 3135 357 3216 hoc,
380 3134 421 3200 de
445 3153 507 3216 quo
529 3151 588 3200 nos
611 3134 755 3217 agimus,
778 3134 848 3200 loco
873 3134 1061 3201 Ciceronem
1084 3153 1146 3202 non
1170 3135 1288 3221 dicere,

141 3262 236 3310 nemo
259 3264 322 3311 non
345 3245 514 3327 intellegit.
559 3244 679 3310 Contra
703 3263 765 3326 qua
788 3243 914 3310 ratione
937 3244 1084 3327 quaestio
1108 3245 1149 3312 de
1171 3251 1288 3314 natura

144 3353 275 3420 deornm
297 3352 412 3420 habita
436 3353 477 3420 ad
500 3353 713 3435 cognitionem
745 3351 843 3418 animi
873 3352 941 3418 sive
965 3353 1007 3418 ad
1030 3356 1288 3439 cognoscendum

141 3463 282 3529 animum
305 3501 346 3512 -
371 3462 456 3546 quod
478 3462 557 3528 item
578 3461 689 3528 Cicero
707 3461 814 3527 dicere
837 3461 943 3544 potuit
965 3498 1007 3508 —
1029 3462 1194 3544 pertineat
1217 3482 1288 3529 cur-

138 3591 201 3654 que
224 3572 267 3639 ad
291 3590 364 3638 eam
386 3571 603 3654 pulcherrima
626 3571 687 3655 sit,
710 3575 842 3652 praeter
864 3569 946 3637 alios
970 3571 1056 3636 locos
1081 3571 1171 3636 Tuae.
1195 3571 1222 3637 V
1246 3578 1287 3639 70

138 3701 166 3748 e.
184 3700 213 3765 q.
230 3701 256 3749 s.
280 3679 406 3748 docent.

228 3811 292 3878 Sed
307 3817 344 3879 ut
359 3811 401 3878 ad
418 3811 545 3880 codices
560 3815 689 3878 nostros
704 3812 918 3880 recensendos
939 3811 1119 3895 redeamus,
1144 3811 1287 3880 Schoom.

136 3925 172 3986 et
195 3939 317 4001 omnes,
341 3922 395 4004 qui
418 3921 448 3988 ei
471 3921 599 3988 assensi
621 3927 706 4005 sunt,
729 3922 778 4000 si,
810 3920 886 4002 quid
910 3939 946 3988 re
968 3940 1045 3988 vera
1068 3922 1100 3986 in
1124 3921 1287 3989 codicibus

135 4036 234 4109 esset,
257 4031 431 4115 novissent,
455 4031 541 4098 baud
564 4031 632 4097 scio
656 4050 697 4097 an
720 4030 779 4097 »ad
804 4031 1019 4117 agnitionem«
1049 4051 1169 4115 ponere
1193 4031 1284 4100 dubi·

133 4138 240 4204 taturi
263 4137 393 4206 fuerint.
443 4139 526 4205 Nam
558 4140 617 4206 »ad
648 4139 860 4222 agnitionem«
891 4145 1017 4207 tantum
1040 4139 1171 4208 ΑὈΜΒ
1193 4161 1286 4226 prae·

134 4245 231 4342 bent,
265 4266 338 4314 cum
359 4247 408 4312 A¹
430 4254 464 4315 et
486 4249 532 4313 M
535 4247 544 4285 ¹
568 4250 666 4332 (idem
688 4249 721 4314 iu
749 4247 897 4316 Vtuisse
920 4250 1093 4316 verisimile
1117 4252 1181 4336 est)
1204 4253 1284 4318 nihil

135 4355 200 4422 nisi
222 4357 454 4440 »agnitionem«
476 4357 629 4425 habeant.
664 4357 861 4442 Scriptorem
877 4357 998 4426 codicis
1015 4359 1049 4424 B
1071 4361 1104 4426 in
1128 4381 1165 4428 eo
1189 4381 1284 4446 quem

135 4465 346 4534 describebat
362 4465 445 4534 libro
461 4468 566 4551 ipsum
583 4485 708 4551 quoque
723 4467 803 4534 nihil
826 4467 888 4534 nisi
910 4468 1139 4552 »agnitionem«
1162 4469 1284 4557 legisse

137 4582 172 4643 et
193 4575 282 4644 felici
313 4577 500 4646 coniectura
521 4582 646 4645 rectum
676 4577 881 4664 restituisse,
916 4578 1113 4647 eredendum
1135 4597 1198 4651 non
1222 4586 1283 4665 est,
