3218 5144
775 307 794 366 7

210 479 462 562 terpolationos,
497 478 547 542 vel
570 476 757 542 usitatiores
784 477 832 540 vol
856 477 964 542 minas.
1022 476 1119 543 Cuius
1141 477 1190 542 rei
1212 477 1358 558 exempla

211 588 328 654 afferre
351 605 431 669 opus
453 603 515 651 non
540 591 609 668 est,
644 603 834 667 quamquam
859 584 956 667 mihi,
994 586 1045 666 qui
1070 603 1132 651 non
1155 585 1224 650 sine
1247 584 1358 650 labore

211 703 311 762 totum
335 700 527 778 apparatum
551 695 695 760 criticum
713 693 918 771 excusserim‚
942 698 1091 759 sescenta
1108 695 1211 760 omnis
1227 694 1357 778 generis

210 812 340 888 praesto
363 811 447 870 sunt.
492 804 650 868 Idunum
674 808 776 868 totam
800 821 869 867 rem
892 801 1059 881 conficiat,
1093 803 1176 886 quod
1201 804 1231 868 in
1256 805 1357 869 omni·

212 916 269 981 bus
293 912 456 980 codicibus
480 912 559 978 ordo
584 911 656 977 libri
688 911 822 977 secundi
853 910 1070 993 compluribus
1094 905 1357 993 quaternionibus

212 1027 281 1090 loco
305 1025 423 1102 motis,
458 1023 486 1087 si
510 1022 633 1086 minora
656 1021 854 1099 omittimus,
893 1020 1007 1085 eodem
1030 1021 1123 1086 modo
1147 1020 1357 1102 perturbatus

177 1111 187 1122 “
210 1139 270 1199 est,
295 1133 341 1216 (ll
367 1129 565 1214 1520¹);·cl.
582 1148 613 1210 p.
631 1127 738 1213 lllss)
774 1131 880 1210 Atque
898 1128 949 1193 hic
973 1129 1165 1211 archetypus
1190 1127 1273 1194 liber
1296 1149 1357 1194 non

209 1243 255 1308 ita
279 1241 379 1306 multo
403 1240 562 1304 vetustior
585 1237 645 1302 fuit
668 1255 764 1319 quam
786 1234 861 1302 libri
887 1237 1006 1316 nostri,
1037 1237 1093 1302 sed
1117 1237 1187 1318 ipse
1209 1237 1274 1302 iam
1297 1239 1354 1302 mi-

210 1351 352 1416 nusculis
375 1349 495 1414 litteris
520 1353 681 1413 exaratus.
738 1347 814 1428 Egit
837 1347 877 1410 de
900 1365 937 1412 eo
962 1346 995 1412 Ο.
1010 1346 1044 1410 F.
1059 1346 1107 1412 W.
1125 1347 1301 1412 Muellerus
1324 1350 1355 1411 in

211 1457 424 1524 Fleckeisenii
449 1455 619 1526 annalibus
642 1476 670 1520 a.
698 1461 790 1534 1864,
814 1475 866 1537 pp.
882 1459 1062 1537 127-147,
1087 1459 1269 1533 nul-281,
1295 1461 1356 1521 605

212 1569 328 1645 -631,
352 1568 424 1648 qui,
459 1565 520 1631 etsi
544 1565 689 1645 exempla
712 1582 794 1645 quae
817 1562 931 1644 affert,
960 1569 996 1627 ut
1019 1563 1250 1644 expectandum
1275 1569 1356 1641 erut,

210 1695 271 1741 non
295 1675 359 1739 iam
383 1674 489 1738 omnia
513 1674 638 1751 valent,
674 1678 781 1737 tamen
813 1671 961 1737 universe
991 1672 1154 1753 exemplar
1186 1672 1283 1750 illud,
1318 1691 1357 1736 ex

209 1803 270 1867 quo
297 1783 424 1849 codices
448 1782 549 1848 nostri
574 1799 685 1846 omnes
708 1779 883 1858 fluxerunt,
920 1781 1014 1861 quale
1037 1779 1152 1863 luerit,
1188 1787 1277 1846 recte
1301 1782 1356 1846 de-

209 1891 330 1959 scribit.
396 1891 469 1972 Ipse
501 1891 612 1972 paucis
646 1908 718 1954 eam
754 1889 1006 1970 disputationem
1039 1888 1230 1971 amplificem
1259 1897 1357 1972 atque

170 2081 177 2087 g
210 2020 365 2086 augeam:

298 2110 529 2186 Correcturae‚
564 2111 652 2173 varia
676 2108 782 2184 lectio,
805 2106 905 2172 rerba
928 2108 1056 2189 omissa,
1081 2107 1281 2192 glossemata
1304 2127 1356 2174 su-

208 2219 407 2301 perscripta,
442 2217 492 2281 vel
515 2217 546 2280 in
570 2216 714 2296 margine
738 2217 898 2297 ascripta,
932 2216 982 2280 vel
1014 2217 1078 2281 iam
1109 2217 1195 2282 inter
1217 2219 1355 2298 genuina

206 2327 306 2394 verba
328 2326 411 2391 falso
435 2330 492 2390 aut
514 2324 597 2390 falso
622 2326 691 2389 loco
715 2331 846 2405 recepta
870 2330 963 2390 erant
985 2325 1035 2391 his
1059 2344 1183 2408 quoque
1207 2327 1304 2391 locis:

294 2438 429 2503 12620:
455 2433 494 2499 cl.
517 2453 548 2515 p.
566 2439 617 2498 67.
644 2471 683 2480 -

295 2551 334 2610 33
350 2533 394 2612 aa:
422 2542 511 2620 »Quo
534 2561 630 2624 porro
654 2541 748 2607 modo
771 2541 908 2607 mundus
942 2544 1062 2608 moveri
1086 2561 1199 2609 carens
1223 2549 1356 2625 corpore

208 2661 264 2721 aut
304 2654 462 2735 quomodo
496 2671 625 2734 semper
661 2672 696 2717 se
731 2671 860 2718 movens
899 2672 971 2719 esse
1007 2653 1135 2734 quietus
1169 2657 1202 2718 et
1239 2652 1355 2719 beatus

208 2763 359 2845 potest?
1031 2772 1034 2780 ’

297 2870 491 2936 Sensust
441 2876 507 2934 est:
544 2869 578 2934 Si
601 2869 739 2952 deus,u
742 2870 972 2936 tAristoteles
996 2870 1073 2953 vult,
1098 2887 1231 2951 corpore
1254 2877 1354 2948 caret,

210 2979 328 3044 moveri
353 2979 417 3064 (vel
440 2996 476 3043 se
499 2979 640 3062 movere)
673 2997 733 3044 non
757 2985 931 3060 potest-
963 2997 1036 3043 nam
1060 2979 1144 3060 quod
1168 2998 1354 3062 corporeum

209 3108 271 3154 non
294 3095 344 3153 est
354 3087 625 3170 ,Epicureorum
658 3087 761 3153 doct
721 3095 806 3153 trma
829 3107 931 3169 neque
955 3089 1059 3169 ipsum
1083 3107 1118 3154 se
1142 3107 1245 3171 neque
1268 3088 1355 3153 aliud

209 3197 377 3278 quicquam
408 3213 536 3260 movere
566 3202 622 3276 po
624 3201 739 3261 es
763 3203 875 3279 atque,
910 3202 947 3262 ιιι
933 3197 1036 3262 thoc
1069 3199 1188 3279 possit
1224 3205 1319 3280 prop
1321 3217 1356 3262 er

209 3305 321 3370 hano
312 3323 415 3385 ipsam
440 3322 568 3370 causam
593 3306 681 3386 quiet
684 3324 720 3370 os
745 3311 778 3370 et
764 3306 877 3371 tbeat
865 3311 916 3371 tus
940 3325 1097 3371 essenon
1121 3313 1238 3388 potest

295 3413 421 3478 Haud
413 3421 573 3494 mepte
543 3414 573 3475 io
576 3415 641 3478 itur
588 3413 892 3480 tSchoemannus
916 3416 1071 3480 coniecit:
1041 3415 1267 3482 lamundum
1287 3435 1353 3481 ιιιο·

172 3610 175 3616 .
208 3541 282 3588 vere
305 3527 431 3603 potest«
457 3540 500 3587 sc
526 3523 614 3587 deus
673 3523 734 3587 Alii
765 3523 871 3589 aliat
858 3530 961 3606 emp
963 3531 1107 3590 averun
1166 3525 1228 3589 Sed
1253 3525 1353 3590 multo

206 3631 333 3696 facilius
357 3632 445 3696 locus
475 3637 627 3706 sanatur,
661 3631 689 3696 si
724 3651 794 3696 cum
818 3632 980 3714 Madvigio
1009 3631 1141 3698 verbum
1176 3633 1351 3699 »mundus«

206 3742 365 3822 glossema
388 3746 536 3805 essesta
539 3740 667 3822 tuimus,
692 3740 745 3822 (cl.
770 3741 802 3805 Il
829 3747 945 3809 13311:
976 3742 1008 3806 in
1033 3742 1117 3825 eo]
1108 3761 1140 3806 m
1165 3761 1202 3807 eo
1225 3743 1353 3821 mundo,

203 3847 384 3940 glossemate
406 3853 534 3929 recoptq
558 3845 806 3929 Z2lleterecte
831 3868 888 3913 nos
912 3849 1019 3915 facere
1043 3849 1148 3931 dices,
1174 3850 1354 3929 stridens,

206 3957 290 4038 quod
314 3956 417 4021 adbuc
440 3955 709 4038 ignorsabamus
701 3976 733 4021 m
758 3957 868 4022 codice
887 3957 920 4020 B
945 3958 1079 4024 »modo«
1104 3960 1241 4041 primum
1258 3960 1354 4025 omis-

277 4234 303 4303 1)
323 4233 603 4303 Locidesignantur
630 4236 754 4289 numeris
789 4237 1030 4308 paragraphornm
1061 4256 1134 4308 quaa
1166 4239 1299 4294 dicuntur
1329 4242 1358 4294 et

204 4343 335 4382 versuum
355 4325 487 4382 editionis
507 4327 668 4381 Turicensis
688 4328 815 4384 alterius.

252 4413 253 4419 '
277 4422 306 4491 2)
326 4420 430 4475 Eodem
451 4438 483 4475 ao
503 4421 687 4476 Schwenkius
706 4423 787 4493 signo
803 4425 828 4476 Z
844 4426 881 4480 ad
900 4424 1027 4481 codicum
1049 4427 1172 4482 omnium
1194 4443 1356 4483 consensum

205 4510 423 4582 significandum
441 4513 513 4566 utor.
