<?xml version="1.0" encoding="UTF-8"?>
<!DOCTYPE html PUBLIC "-//W3C//DTD XHTML 1.0 Transitional//EN"
    "http://www.w3.org/TR/xhtml1/DTD/xhtml1-transitional.dtd">
<html xmlns="http://www.w3.org/1999/xhtml" xml:lang="en" lang="en">
 <head>
  <title>
</title>
<meta http-equiv="Content-Type" content="text/html;charset=utf-8" />
  <meta name='ocr-system' content='tesseract 3.04.00' />
  <meta name='ocr-capabilities' content='ocr_page ocr_carea ocr_par ocr_line ocrx_word'/>
</head>
<body>
  <div class='ocr_page' id='page_1' title='image "./deciceronislibr01diecgoog_0033.png"; bbox 0 0 3218 5144; ppageno 0'>
   <div class='ocr_carea' id='block_1_1' title="bbox 869 363 909 425">
    <p class='ocr_par' dir='ltr' id='par_1_1' title="bbox 869 363 909 425">
     <span class='ocr_line' id='line_1_1' title="bbox 869 363 909 425; baseline 0.025 -1"><span class='ocrx_word' id='word_1_1' title='bbox 869 363 909 425; x_wconf 81' lang='lat'><strong>26</strong></span> 
     </span>
    </p>
   </div>
   <div class='ocr_carea' id='block_1_2' title="bbox 310 532 1466 1816">
    <p class='ocr_par' dir='ltr' id='par_1_2' title="bbox 310 532 1466 1816">
     <span class='ocr_line' id='line_1_2' title="bbox 316 532 1466 620; baseline 0.008 -23"><span class='ocrx_word' id='word_1_2' title='bbox 316 532 409 598; x_wconf 75' lang='lat' dir='ltr'><strong>dum«</strong></span> <span class='ocrx_word' id='word_1_3' title='bbox 444 538 478 599; x_wconf 91' lang='lat' dir='ltr'><strong>et</strong></span> <span class='ocrx_word' id='word_1_4' title='bbox 506 533 782 620; x_wconf 66' lang='lat' dir='ltr'><strong>»agnoscendum«</strong></span> <span class='ocrx_word' id='word_1_5' title='bbox 809 536 896 602; x_wconf 87' lang='lat' dir='ltr'><strong>ratio</strong></span> <span class='ocrx_word' id='word_1_6' title='bbox 919 534 1118 616; x_wconf 78' lang='lat' dir='ltr'>intercedat,</span> <span class='ocrx_word' id='word_1_7' title='bbox 1152 535 1216 603; x_wconf 89' lang='lat' dir='ltr'><strong>iam</strong></span> <span class='ocrx_word' id='word_1_8' title='bbox 1249 539 1466 620; x_wconf 82' lang='lat' dir='ltr'><strong>quaerendum</strong></span> 
     </span>
     <span class='ocr_line' id='line_1_3' title="bbox 311 641 1465 733; baseline 0.007 -25"><span class='ocrx_word' id='word_1_9' title='bbox 311 645 379 721; x_wconf 91' lang='lat' dir='ltr'><strong>est,</strong></span> <span class='ocrx_word' id='word_1_10' title='bbox 413 641 573 724; x_wconf 88' lang='lat' dir='ltr'><strong>quomodo</strong></span> <span class='ocrx_word' id='word_1_11' title='bbox 596 662 632 710; x_wconf 89' lang='lat' dir='ltr'><strong>se</strong></span> <span class='ocrx_word' id='word_1_12' title='bbox 655 643 798 711; x_wconf 81' lang='lat' dir='ltr'><strong>habeant</strong></span> <span class='ocrx_word' id='word_1_13' title='bbox 820 642 1024 712; x_wconf 88' lang='lat' dir='ltr'><strong>substantiva</strong></span> <span class='ocrx_word' id='word_1_14' title='bbox 1048 646 1277 732; x_wconf 82' lang='lat' dir='ltr'><strong>»cognitionis«</strong></span> <span class='ocrx_word' id='word_1_15' title='bbox 1301 653 1334 713; x_wconf 90' lang='lat' dir='ltr'><strong>et</strong></span> <span class='ocrx_word' id='word_1_16' title='bbox 1358 650 1465 733; x_wconf 90' lang='lat' dir='ltr'><strong>»agni-</strong></span> 
     </span>
     <span class='ocr_line' id='line_1_4' title="bbox 313 747 1465 838; baseline 0.01 -24"><span class='ocrx_word' id='word_1_17' title='bbox 313 747 559 832; x_wconf 61' lang='lat' dir='ltr'><strong>uenissetque</strong></span> <span class='ocrx_word' id='word_1_18' title='bbox 583 752 753 819; x_wconf 88' lang='lat' dir='ltr'><strong>dicendum</strong></span> <span class='ocrx_word' id='word_1_19' title='bbox 777 758 845 836; x_wconf 91' lang='lat' dir='ltr'><strong>est,</strong></span> <span class='ocrx_word' id='word_1_20' title='bbox 879 753 1110 836; x_wconf 77' lang='lat' dir='ltr'><strong>»agnitionem«</strong></span> <span class='ocrx_word' id='word_1_21' title='bbox 1133 755 1218 838; x_wconf 89' lang='lat' dir='ltr'><strong>apud</strong></span> <span class='ocrx_word' id='word_1_22' title='bbox 1240 757 1363 825; x_wconf 90' lang='lat' dir='ltr'><strong>nullum</strong></span> <span class='ocrx_word' id='word_1_23' title='bbox 1387 762 1465 827; x_wconf 91' lang='lat' dir='ltr'><strong>scri·</strong></span> 
     </span>
     <span class='ocr_line' id='line_1_5' title="bbox 311 859 1465 946; baseline 0.007 -20"><span class='ocrx_word' id='word_1_24' title='bbox 311 866 437 943; x_wconf 91' lang='lat' dir='ltr'><strong>ptorem</strong></span> <span class='ocrx_word' id='word_1_25' title='bbox 467 859 603 928; x_wconf 89' lang='lat' dir='ltr'><strong>inveniri</strong></span> <span class='ocrx_word' id='word_1_26' title='bbox 635 865 712 927; x_wconf 87' lang='lat' dir='ltr'><strong>ante</strong></span> <span class='ocrx_word' id='word_1_27' title='bbox 743 861 882 926; x_wconf 86' lang='lat' dir='ltr'><strong>Plinium</strong></span> <span class='ocrx_word' id='word_1_28' title='bbox 913 861 967 946; x_wconf 89' lang='lat' dir='ltr'><strong>(N.</strong></span> <span class='ocrx_word' id='word_1_29' title='bbox 984 861 1023 926; x_wconf 89' lang='lat' dir='ltr'><strong>H.</strong></span> <span class='ocrx_word' id='word_1_30' title='bbox 1045 861 1199 946; x_wconf 78' lang='lat' dir='ltr'><strong>X901or)</strong></span> <span class='ocrx_word' id='word_1_31' title='bbox 1232 870 1266 931; x_wconf 91' lang='lat' dir='ltr'><strong>et</strong></span> <span class='ocrx_word' id='word_1_32' title='bbox 1296 866 1465 946; x_wconf 83' lang='lat' dir='ltr'><strong>Quintilia-</strong></span> 
     </span>
     <span class='ocr_line' id='line_1_6' title="bbox 314 967 1464 1058; baseline 0.007 -24"><span class='ocrx_word' id='word_1_33' title='bbox 314 987 388 1035; x_wconf 88' lang='lat' dir='ltr'><strong>num</strong></span> <span class='ocrx_word' id='word_1_34' title='bbox 412 970 444 1053; x_wconf 81' lang='lat' dir='ltr'><strong>(l</strong></span> <span class='ocrx_word' id='word_1_35' title='bbox 469 971 551 1052; x_wconf 77' lang='lat' dir='ltr'><strong>lu).</strong></span> <span class='ocrx_word' id='word_1_36' title='bbox 597 968 710 1054; x_wconf 89' lang='lat' dir='ltr'><strong>Neque</strong></span> <span class='ocrx_word' id='word_1_37' title='bbox 733 967 905 1036; x_wconf 89' lang='lat' dir='ltr'><strong>tamenob</strong></span> <span class='ocrx_word' id='word_1_38' title='bbox 928 969 1011 1036; x_wconf 89' lang='lat' dir='ltr'><strong>hanc</strong></span> <span class='ocrx_word' id='word_1_39' title='bbox 1032 988 1099 1036; x_wconf 92' lang='lat' dir='ltr'><strong>rem</strong></span> <span class='ocrx_word' id='word_1_40' title='bbox 1123 989 1182 1038; x_wconf 95' lang='lat' dir='ltr'><strong>nec</strong></span> <span class='ocrx_word' id='word_1_41' title='bbox 1205 972 1290 1053; x_wconf 91' lang='lat' dir='ltr'><strong>ideo,</strong></span> <span class='ocrx_word' id='word_1_42' title='bbox 1315 976 1400 1058; x_wconf 92' lang='lat' dir='ltr'><strong>quod</strong></span> <span class='ocrx_word' id='word_1_43' title='bbox 1424 995 1464 1042; x_wconf 95' lang='lat' dir='ltr'><strong>ne</strong></span> 
     </span>
     <span class='ocr_line' id='line_1_7' title="bbox 311 1077 1464 1165; baseline 0.008 -22"><span class='ocrx_word' id='word_1_44' title='bbox 311 1078 345 1143; x_wconf 92' lang='lat' dir='ltr'><strong>in</strong></span> <span class='ocrx_word' id='word_1_45' title='bbox 369 1077 634 1162; x_wconf 80' lang='lat' dir='ltr'><strong>inscriptionibus</strong></span> <span class='ocrx_word' id='word_1_46' title='bbox 658 1078 796 1161; x_wconf 87' lang='lat' dir='ltr'><strong>quidem,</strong></span> <span class='ocrx_word' id='word_1_47' title='bbox 821 1077 905 1161; x_wconf 86' lang='lat' dir='ltr'><strong>quod</strong></span> <span class='ocrx_word' id='word_1_48' title='bbox 922 1081 1033 1162; x_wconf 85' lang='lat' dir='ltr'><strong>sciam,</strong></span> <span class='ocrx_word' id='word_1_49' title='bbox 1057 1084 1133 1146; x_wconf 87' lang='lat' dir='ltr'><strong>ante</strong></span> <span class='ocrx_word' id='word_1_50' title='bbox 1155 1079 1247 1159; x_wconf 91' lang='lat' dir='ltr'><strong>illud,</strong></span> <span class='ocrx_word' id='word_1_51' title='bbox 1272 1085 1356 1165; x_wconf 91' lang='lat' dir='ltr'><strong>quod</strong></span> <span class='ocrx_word' id='word_1_52' title='bbox 1381 1103 1464 1151; x_wconf 90' lang='lat' dir='ltr'><strong>com·</strong></span> 
     </span>
     <span class='ocr_line' id='line_1_8' title="bbox 314 1187 1464 1273; baseline 0.008 -21"><span class='ocrx_word' id='word_1_53' title='bbox 314 1189 569 1266; x_wconf 83' lang='lat' dir='ltr'><strong>memoravimus,</strong></span> <span class='ocrx_word' id='word_1_54' title='bbox 593 1194 721 1270; x_wconf 89' lang='lat' dir='ltr'><strong>tempus</strong></span> <span class='ocrx_word' id='word_1_55' title='bbox 743 1188 873 1273; x_wconf 88' lang='lat' dir='ltr'><strong>legitur,</strong></span> <span class='ocrx_word' id='word_1_56' title='bbox 897 1187 1092 1256; x_wconf 86' lang='lat' dir='ltr'><strong>credendum</strong></span> <span class='ocrx_word' id='word_1_57' title='bbox 1115 1196 1166 1255; x_wconf 86' lang='lat' dir='ltr'><strong>est</strong></span> <span class='ocrx_word' id='word_1_58' title='bbox 1180 1190 1241 1256; x_wconf 92' lang='lat' dir='ltr'><strong>hoc</strong></span> <span class='ocrx_word' id='word_1_59' title='bbox 1264 1209 1378 1260; x_wconf 92' lang='lat' dir='ltr'><strong>nomen</strong></span> <span class='ocrx_word' id='word_1_60' title='bbox 1402 1213 1464 1261; x_wconf 94' lang='lat' dir='ltr'><strong>non</strong></span> 
     </span>
     <span class='ocr_line' id='line_1_9' title="bbox 315 1295 1463 1377; baseline 0.006 -15"><span class='ocrx_word' id='word_1_61' title='bbox 315 1296 424 1364; x_wconf 89' lang='lat' dir='ltr'><strong>inisse.</strong></span> <span class='ocrx_word' id='word_1_62' title='bbox 469 1298 570 1364; x_wconf 89' lang='lat' dir='ltr'><strong>Immo</strong></span> <span class='ocrx_word' id='word_1_63' title='bbox 601 1295 702 1362; x_wconf 86' lang='lat' dir='ltr'><strong>luisse</strong></span> <span class='ocrx_word' id='word_1_64' title='bbox 725 1295 991 1362; x_wconf 91' lang='lat' dir='ltr'><strong>verisimillimum</strong></span> <span class='ocrx_word' id='word_1_65' title='bbox 1013 1305 1080 1377; x_wconf 90' lang='lat' dir='ltr'><strong>est,</strong></span> <span class='ocrx_word' id='word_1_66' title='bbox 1114 1297 1172 1364; x_wconf 89' lang='lat' dir='ltr'><strong>sed</strong></span> <span class='ocrx_word' id='word_1_67' title='bbox 1195 1316 1257 1365; x_wconf 96' lang='lat' dir='ltr'><strong>non</strong></span> <span class='ocrx_word' id='word_1_68' title='bbox 1280 1300 1343 1366; x_wconf 88' lang='lat' dir='ltr'><strong>nisi</strong></span> <span class='ocrx_word' id='word_1_69' title='bbox 1367 1319 1463 1369; x_wconf 88' lang='lat' dir='ltr'><strong>sensu</strong></span> 
     </span>
     <span class='ocr_line' id='line_1_10' title="bbox 312 1403 1461 1492; baseline 0.004 -21"><span class='ocrx_word' id='word_1_70' title='bbox 312 1406 461 1486; x_wconf 89' lang='lat' dir='ltr'><strong>iuridico,</strong></span> <span class='ocrx_word' id='word_1_71' title='bbox 484 1415 521 1474; x_wconf 91' lang='lat' dir='ltr'><strong>ut</strong></span> <span class='ocrx_word' id='word_1_72' title='bbox 539 1403 691 1470; x_wconf 87' lang='lat' dir='ltr'><strong>dicebant</strong></span> <span class='ocrx_word' id='word_1_73' title='bbox 706 1403 852 1470; x_wconf 90' lang='lat' dir='ltr'><strong>homines</strong></span> <span class='ocrx_word' id='word_1_74' title='bbox 875 1405 954 1470; x_wconf 90' lang='lat' dir='ltr'><strong>iuris</strong></span> <span class='ocrx_word' id='word_1_75' title='bbox 970 1405 1107 1471; x_wconf 88' lang='lat' dir='ltr'><strong>consulti</strong></span> <span class='ocrx_word' id='word_1_76' title='bbox 1124 1405 1165 1471; x_wconf 88' lang='lat' dir='ltr'><strong>de</strong></span> <span class='ocrx_word' id='word_1_77' title='bbox 1187 1406 1370 1492; x_wconf 74' lang='lat' dir='ltr'><strong>»agnitione</strong></span> <span class='ocrx_word' id='word_1_78' title='bbox 1393 1408 1461 1491; x_wconf 86' lang='lat' dir='ltr'><strong>filii,</strong></span> 
     </span>
     <span class='ocr_line' id='line_1_11' title="bbox 314 1513 1461 1599; baseline -0.002 -19"><span class='ocrx_word' id='word_1_79' title='bbox 314 1513 431 1599; x_wconf 90' lang='lat' dir='ltr'><strong>debiti,</strong></span> <span class='ocrx_word' id='word_1_80' title='bbox 455 1516 522 1581; x_wconf 76' lang='lat' dir='ltr'><strong>ai«.</strong></span> <span class='ocrx_word' id='word_1_81' title='bbox 576 1515 623 1579; x_wconf 87' lang='lat' dir='ltr'><strong>Eo</strong></span> <span class='ocrx_word' id='word_1_82' title='bbox 654 1514 780 1579; x_wconf 90' lang='lat' dir='ltr'><strong>demum</strong></span> <span class='ocrx_word' id='word_1_83' title='bbox 804 1517 966 1598; x_wconf 88' lang='lat' dir='ltr'><strong>tempore,</strong></span> <span class='ocrx_word' id='word_1_84' title='bbox 1001 1532 1063 1597; x_wconf 90' lang='lat' dir='ltr'><strong>quo</strong></span> <span class='ocrx_word' id='word_1_85' title='bbox 1096 1513 1229 1580; x_wconf 87' lang='lat' dir='ltr'><strong>verbum</strong></span> <span class='ocrx_word' id='word_1_86' title='bbox 1252 1533 1461 1598; x_wconf 82' lang='lat' dir='ltr'><strong>»agnoscere«</strong></span> 
     </span>
     <span class='ocr_line' id='line_1_12' title="bbox 311 1622 1458 1709; baseline 0.003 -19"><span class='ocrx_word' id='word_1_87' title='bbox 311 1625 506 1707; x_wconf 82' lang='lat' dir='ltr'><strong>peculiarem</strong></span> <span class='ocrx_word' id='word_1_88' title='bbox 540 1623 701 1690; x_wconf 91' lang='lat' dir='ltr'><strong>notionem</strong></span> <span class='ocrx_word' id='word_1_89' title='bbox 725 1622 851 1702; x_wconf 87' lang='lat' dir='ltr'><strong>amisit,</strong></span> <span class='ocrx_word' id='word_1_90' title='bbox 884 1627 920 1688; x_wconf 92' lang='lat' dir='ltr'><strong>ut</strong></span> <span class='ocrx_word' id='word_1_91' title='bbox 943 1643 962 1689; x_wconf 89' lang='lat' dir='ltr'><strong>a</strong></span> <span class='ocrx_word' id='word_1_92' title='bbox 985 1622 1242 1709; x_wconf 77' lang='lat' dir='ltr'><strong>»cognoscendo«</strong></span> <span class='ocrx_word' id='word_1_93' title='bbox 1264 1626 1316 1690; x_wconf 84' lang='lat' dir='ltr'><strong>vix</strong></span> <span class='ocrx_word' id='word_1_94' title='bbox 1338 1627 1458 1693; x_wconf 87' lang='lat' dir='ltr'><strong>discer-</strong></span> 
     </span>
     <span class='ocr_line' id='line_1_13' title="bbox 310 1728 1454 1816; baseline 0.002 -20"><span class='ocrx_word' id='word_1_95' title='bbox 310 1737 458 1811; x_wconf 88' lang='lat' dir='ltr'><strong>neretur,</strong></span> <span class='ocrx_word' id='word_1_96' title='bbox 497 1732 596 1797; x_wconf 90' lang='lat' dir='ltr'><strong>etiam</strong></span> <span class='ocrx_word' id='word_1_97' title='bbox 620 1728 855 1797; x_wconf 89' lang='lat' dir='ltr'><strong>substantivum</strong></span> <span class='ocrx_word' id='word_1_98' title='bbox 882 1731 1093 1816; x_wconf 77' lang='lat' dir='ltr'><strong>»agnitionis«</strong></span> <span class='ocrx_word' id='word_1_99' title='bbox 1124 1732 1254 1815; x_wconf 85' lang='lat' dir='ltr'><strong>saepius</strong></span> <span class='ocrx_word' id='word_1_100' title='bbox 1277 1737 1311 1797; x_wconf 92' lang='lat' dir='ltr'><strong>et</strong></span> <span class='ocrx_word' id='word_1_101' title='bbox 1334 1731 1454 1798; x_wconf 88' lang='lat' dir='ltr'><strong>eisdem</strong></span> 
     </span>
    </p>
   </div>
   <div class='ocr_carea' id='block_1_3' title="bbox 311 1836 1579 1927">
    <p class='ocr_par' dir='ltr' id='par_1_3' title="bbox 311 1836 1579 1927">
     <span class='ocr_line' id='line_1_14' title="bbox 311 1836 1579 1927; baseline -0.003 -21"><span class='ocrx_word' id='word_1_102' title='bbox 311 1857 349 1906; x_wconf 88' lang='lat' dir='ltr'><strong>ac</strong></span> <span class='ocrx_word' id='word_1_103' title='bbox 371 1837 505 1906; x_wconf 89' lang='lat' dir='ltr'><strong>verbum</strong></span> <span class='ocrx_word' id='word_1_104' title='bbox 539 1836 723 1904; x_wconf 92' lang='lat' dir='ltr'><strong>notionibus</strong></span> <span class='ocrx_word' id='word_1_105' title='bbox 755 1845 939 1922; x_wconf 87' lang='lat' dir='ltr'><strong>usurpatur.</strong></span> <span class='ocrx_word' id='word_1_106' title='bbox 994 1841 1098 1906; x_wconf 81' lang='lat' dir='ltr'><strong>Antea</strong></span> <span class='ocrx_word' id='word_1_107' title='bbox 1129 1842 1177 1907; x_wconf 92' lang='lat' dir='ltr'><strong>eis</strong></span> <span class='ocrx_word' id='word_1_108' title='bbox 1199 1841 1341 1910; x_wconf 91' lang='lat' dir='ltr'><strong>omnibus</strong></span> <span class='ocrx_word' id='word_1_109' title='bbox 1363 1843 1452 1927; x_wconf 90' lang='lat' dir='ltr'><strong>locis,</strong></span> <span class='ocrx_word' id='word_1_110' title='bbox 1578 1887 1579 1902; x_wconf 36' lang='lat' dir='ltr'><strong>i</strong></span> 
     </span>
    </p>
   </div>
   <div class='ocr_carea' id='block_1_4' title="bbox 308 1945 1462 2447">
    <p class='ocr_par' dir='ltr' id='par_1_4' title="bbox 308 1945 1462 2447">
     <span class='ocr_line' id='line_1_15' title="bbox 311 1945 1452 2035; baseline 0.007 -24"><span class='ocrx_word' id='word_1_111' title='bbox 311 1945 428 2030; x_wconf 89' lang='lat' dir='ltr'><strong>quibus</strong></span> <span class='ocrx_word' id='word_1_112' title='bbox 450 1965 659 2030; x_wconf 79' lang='lat' dir='ltr'><strong>»agnoscere«</strong></span> <span class='ocrx_word' id='word_1_113' title='bbox 682 1946 850 2029; x_wconf 88' lang='lat' dir='ltr'><strong>aptissime</strong></span> <span class='ocrx_word' id='word_1_114' title='bbox 874 1947 936 2013; x_wconf 92' lang='lat' dir='ltr'><strong>dici</strong></span> <span class='ocrx_word' id='word_1_115' title='bbox 952 1948 1068 2030; x_wconf 91' lang='lat' dir='ltr'><strong>potuit,</strong></span> <span class='ocrx_word' id='word_1_116' title='bbox 1093 1949 1121 2015; x_wconf 86' lang='lat' dir='ltr'><strong>si</strong></span> <span class='ocrx_word' id='word_1_117' title='bbox 1144 1948 1374 2017; x_wconf 84' lang='lat' dir='ltr'><strong>substantivum</strong></span> <span class='ocrx_word' id='word_1_118' title='bbox 1396 1971 1452 2035; x_wconf 94' lang='lat' dir='ltr'><strong>po-</strong></span> 
     </span>
     <span class='ocr_line' id='line_1_16' title="bbox 312 2055 1457 2141; baseline 0 -20"><span class='ocrx_word' id='word_1_119' title='bbox 312 2055 409 2122; x_wconf 89' lang='lat' dir='ltr'><strong>situm</strong></span> <span class='ocrx_word' id='word_1_120' title='bbox 426 2060 485 2139; x_wconf 90' lang='lat' dir='ltr'><strong>est,</strong></span> <span class='ocrx_word' id='word_1_121' title='bbox 508 2073 571 2120; x_wconf 94' lang='lat' dir='ltr'><strong>non</strong></span> <span class='ocrx_word' id='word_1_122' title='bbox 591 2055 751 2141; x_wconf 79' lang='lat' dir='ltr'><strong>»agnitio«</strong></span> <span class='ocrx_word' id='word_1_123' title='bbox 767 2056 826 2122; x_wconf 87' lang='lat' dir='ltr'><strong>sed</strong></span> <span class='ocrx_word' id='word_1_124' title='bbox 849 2058 1022 2139; x_wconf 71' lang='lat' dir='ltr'><strong>»cognitio«</strong></span> <span class='ocrx_word' id='word_1_125' title='bbox 1046 2063 1106 2125; x_wconf 88' lang='lat' dir='ltr'><strong>est.</strong></span> <span class='ocrx_word' id='word_1_126' title='bbox 1141 2059 1252 2126; x_wconf 89' lang='lat' dir='ltr'><strong>Veluti</strong></span> <span class='ocrx_word' id='word_1_127' title='bbox 1274 2055 1457 2141; x_wconf 76' lang='grc' dir='ltr'><em>ἀναγνώρι-</em></span> 
     </span>
     <span class='ocr_line' id='line_1_17' title="bbox 309 2161 1459 2249; baseline 0.002 -21"><span class='ocrx_word' id='word_1_128' title='bbox 309 2177 362 2240; x_wconf 77' lang='grc' dir='ltr'><strong>σις</strong></span> <span class='ocrx_word' id='word_1_129' title='bbox 383 2163 441 2229; x_wconf 87' lang='lat' dir='ltr'><strong>illa</strong></span> <span class='ocrx_word' id='word_1_130' title='bbox 456 2163 508 2229; x_wconf 89' lang='lat' dir='ltr'><strong>vel</strong></span> <span class='ocrx_word' id='word_1_131' title='bbox 531 2161 786 2249; x_wconf 64' lang='lat' dir='ltr'><strong>incovenienter</strong></span> <span class='ocrx_word' id='word_1_132' title='bbox 809 2165 864 2231; x_wconf 92' lang='lat' dir='ltr'><strong>ille</strong></span> <span class='ocrx_word' id='word_1_133' title='bbox 879 2165 913 2230; x_wconf 92' lang='lat' dir='ltr'><strong>in</strong></span> <span class='ocrx_word' id='word_1_134' title='bbox 929 2164 1048 2232; x_wconf 92' lang='lat' dir='ltr'><strong>fabulis</strong></span> <span class='ocrx_word' id='word_1_135' title='bbox 1071 2167 1244 2248; x_wconf 77' lang='lat' dir='ltr'><strong>»cognitio«</strong></span> <span class='ocrx_word' id='word_1_136' title='bbox 1267 2184 1330 2232; x_wconf 95' lang='lat' dir='ltr'><strong>non</strong></span> <span class='ocrx_word' id='word_1_137' title='bbox 1352 2166 1459 2247; x_wconf 89' lang='lat' dir='ltr'><strong>»agni-</strong></span> 
     </span>
     <span class='ocr_line' id='line_1_18' title="bbox 308 2273 1462 2358; baseline 0 -19"><span class='ocrx_word' id='word_1_138' title='bbox 308 2273 371 2340; x_wconf 75' lang='lat' dir='ltr'><strong>tio«</strong></span> <span class='ocrx_word' id='word_1_139' title='bbox 402 2273 538 2352; x_wconf 84' lang='lat' dir='ltr'><strong>dicitur3</strong></span> <span class='ocrx_word' id='word_1_140' title='bbox 572 2273 612 2338; x_wconf 88' lang='lat' dir='ltr'><strong>cf.</strong></span> <span class='ocrx_word' id='word_1_141' title='bbox 643 2274 715 2339; x_wconf 88' lang='lat' dir='ltr'><strong>Ter.</strong></span> <span class='ocrx_word' id='word_1_142' title='bbox 739 2273 818 2340; x_wconf 87' lang='lat' dir='ltr'><strong>Hec.</strong></span> <span class='ocrx_word' id='word_1_143' title='bbox 844 2279 904 2340; x_wconf 87' lang='lat'><strong>831</strong></span> <span class='ocrx_word' id='word_1_144' title='bbox 938 2275 979 2358; x_wconf 80' lang='lat' dir='ltr'><strong>(V</strong></span> <span class='ocrx_word' id='word_1_145' title='bbox 1004 2278 1082 2354; x_wconf 75' lang='lat'>3³³).</span> <span class='ocrx_word' id='word_1_146' title='bbox 1137 2276 1275 2342; x_wconf 87' lang='lat' dir='ltr'><strong>Bacchis</strong></span> <span class='ocrx_word' id='word_1_147' title='bbox 1305 2273 1462 2341; x_wconf 84' lang='lat' dir='ltr'><strong>meretrix</strong></span> 
     </span>
     <span class='ocr_line' id='line_1_19' title="bbox 310 2388 444 2447; baseline -0.015 -1"><span class='ocrx_word' id='word_1_148' title='bbox 310 2388 444 2447; x_wconf 87' lang='lat' dir='ltr'><strong>narrat:</strong></span> 
     </span>
    </p>
   </div>
   <div class='ocr_carea' id='block_1_5' title="bbox 312 2523 1466 2618">
    <p class='ocr_par' dir='ltr' id='par_1_5' title="bbox 312 2523 1466 2618">
     <span class='ocr_line' id='line_1_20' title="bbox 312 2523 1466 2618; baseline 0.014 -33"><span class='ocrx_word' id='word_1_149' title='bbox 312 2523 435 2606; x_wconf 89' lang='lat' dir='ltr'><strong>»Rogat</strong></span> <span class='ocrx_word' id='word_1_150' title='bbox 456 2526 540 2592; x_wconf 89' lang='lat' dir='ltr'><strong>unde</strong></span> <span class='ocrx_word' id='word_1_151' title='bbox 566 2527 626 2594; x_wconf 91' lang='lat' dir='ltr'><strong>sit:</strong></span> <span class='ocrx_word' id='word_1_152' title='bbox 651 2547 747 2594; x_wconf 83' lang='lat' dir='ltr'><strong>narro</strong></span> <span class='ocrx_word' id='word_1_153' title='bbox 771 2527 878 2593; x_wconf 90' lang='lat' dir='ltr'><strong>omnia</strong></span> <span class='ocrx_word' id='word_1_154' title='bbox 902 2525 999 2592; x_wconf 86' lang='lat' dir='ltr'><strong>haec:</strong></span> <span class='ocrx_word' id='word_1_155' title='bbox 1023 2525 1099 2593; x_wconf 93' lang='lat' dir='ltr'><strong>inde</strong></span> <span class='ocrx_word' id='word_1_156' title='bbox 1123 2534 1174 2594; x_wconf 88' lang='lat' dir='ltr'><strong>est</strong></span> <span class='ocrx_word' id='word_1_157' title='bbox 1197 2531 1337 2610; x_wconf 86' lang='lat' dir='ltr'><strong>cognitio</strong></span> <span class='ocrx_word' id='word_1_158' title='bbox 1362 2531 1466 2618; x_wconf 84' lang='lat' dir='ltr'><strong>iacta,</strong></span> 
     </span>
    </p>
   </div>
   <div class='ocr_carea' id='block_1_6' title="bbox 309 2633 1466 2721">
    <p class='ocr_par' dir='ltr' id='par_1_6' title="bbox 309 2633 1466 2721">
     <span class='ocr_line' id='line_1_21' title="bbox 309 2633 1466 2721; baseline 0.006 -25"><span class='ocrx_word' id='word_1_159' title='bbox 309 2633 533 2701; x_wconf 89' lang='lat' dir='ltr'><strong>Philumenam</strong></span> <span class='ocrx_word' id='word_1_160' title='bbox 550 2656 767 2721; x_wconf 86' lang='lat' dir='ltr'><strong>compressam</strong></span> <span class='ocrx_word' id='word_1_161' title='bbox 782 2655 853 2703; x_wconf 89' lang='lat' dir='ltr'><strong>esse</strong></span> <span class='ocrx_word' id='word_1_162' title='bbox 866 2635 907 2702; x_wconf 89' lang='lat' dir='ltr'><strong>ab</strong></span> <span class='ocrx_word' id='word_1_163' title='bbox 921 2655 958 2702; x_wconf 90' lang='lat' dir='ltr'><strong>eo</strong></span> <span class='ocrx_word' id='word_1_164' title='bbox 977 2641 1010 2702; x_wconf 94' lang='lat' dir='ltr'><strong>et</strong></span> <span class='ocrx_word' id='word_1_165' title='bbox 1026 2635 1126 2702; x_wconf 91' lang='lat' dir='ltr'><strong>filium</strong></span> <span class='ocrx_word' id='word_1_166' title='bbox 1139 2637 1213 2703; x_wconf 91' lang='lat' dir='ltr'><strong>inde</strong></span> <span class='ocrx_word' id='word_1_167' title='bbox 1226 2639 1309 2705; x_wconf 92' lang='lat' dir='ltr'><strong>hunc</strong></span> <span class='ocrx_word' id='word_1_168' title='bbox 1322 2647 1466 2708; x_wconf 72' lang='lat' dir='ltr'><strong>natum«</strong></span> 
     </span>
    </p>
   </div>
   <div class='ocr_carea' id='block_1_7' title="bbox 311 2782 1287 2999">
    <p class='ocr_par' dir='ltr' id='par_1_7' title="bbox 311 2782 1287 2999">
     <span class='ocr_line' id='line_1_22' title="bbox 311 2782 916 2871; baseline 0.005 -24"><span class='ocrx_word' id='word_1_169' title='bbox 311 2782 392 2851; x_wconf 84' lang='lat' dir='ltr'><strong>llun.</strong></span> <span class='ocrx_word' id='word_1_170' title='bbox 417 2788 476 2850; x_wconf 80' lang='lat'><strong>921</strong></span> <span class='ocrx_word' id='word_1_171' title='bbox 503 2783 544 2871; x_wconf 89' lang='lat' dir='ltr'><strong>(V</strong></span> <span class='ocrx_word' id='word_1_172' title='bbox 570 2783 639 2870; x_wconf 78' lang='lat'><strong>31»)</strong></span> <span class='ocrx_word' id='word_1_173' title='bbox 661 2785 798 2868; x_wconf 89' lang='lat' dir='ltr'><strong>Pythius</strong></span> <span class='ocrx_word' id='word_1_174' title='bbox 820 2784 916 2850; x_wconf 90' lang='lat' dir='ltr'><strong>dicit:</strong></span> 
     </span>
     <span class='ocr_line' id='line_1_23' title="bbox 466 2913 1287 2999; baseline -0.002 -24"><span class='ocrx_word' id='word_1_175' title='bbox 466 2913 539 2980; x_wconf 91' lang='lat' dir='ltr'><strong>»lho</strong></span> <span class='ocrx_word' id='word_1_176' title='bbox 562 2916 658 2996; x_wconf 92' lang='lat' dir='ltr'><strong>intra,</strong></span> <span class='ocrx_word' id='word_1_177' title='bbox 683 2915 722 2980; x_wconf 90' lang='lat' dir='ltr'><strong>de</strong></span> <span class='ocrx_word' id='word_1_178' title='bbox 745 2914 929 2999; x_wconf 86' lang='lat' dir='ltr'><strong>cognitione</strong></span> <span class='ocrx_word' id='word_1_179' title='bbox 951 2918 987 2980; x_wconf 93' lang='lat' dir='ltr'><strong>ut</strong></span> <span class='ocrx_word' id='word_1_180' title='bbox 1010 2919 1135 2981; x_wconf 88' lang='lat' dir='ltr'><strong>certum</strong></span> <span class='ocrx_word' id='word_1_181' title='bbox 1160 2913 1287 2980; x_wconf 72' lang='lat' dir='ltr'><strong>sciam«</strong></span> 
     </span>
    </p>
   </div>
   <div class='ocr_carea' id='block_1_8' title="bbox 309 3045 1466 3782">
    <p class='ocr_par' dir='ltr' id='par_1_8' title="bbox 310 3045 1271 3135">
     <span class='ocr_line' id='line_1_24' title="bbox 310 3045 1271 3135; baseline -0.004 -22"><span class='ocrx_word' id='word_1_182' title='bbox 310 3045 418 3116; x_wconf 84' lang='lat' dir='ltr'><strong>Etiam</strong></span> <span class='ocrx_word' id='word_1_183' title='bbox 442 3051 558 3135; x_wconf 83' lang='lat' dir='ltr'><strong>Hygin.</strong></span> <span class='ocrx_word' id='word_1_184' title='bbox 583 3050 648 3115; x_wconf 86' lang='lat' dir='ltr'><strong>fab.</strong></span> <span class='ocrx_word' id='word_1_185' title='bbox 676 3055 754 3114; x_wconf 82' lang='lat'>122:</span> <span class='ocrx_word' id='word_1_186' title='bbox 779 3051 980 3134; x_wconf 86' lang='lat' dir='ltr'><strong>»cognitione</strong></span> <span class='ocrx_word' id='word_1_187' title='bbox 1003 3050 1129 3115; x_wconf 87' lang='lat' dir='ltr'><strong>Orestis</strong></span> <span class='ocrx_word' id='word_1_188' title='bbox 1152 3049 1271 3114; x_wconf 77' lang='lat' dir='ltr'><strong>facta«</strong></span> 
     </span>
    </p>

    <p class='ocr_par' dir='ltr' id='par_1_9' title="bbox 309 3155 1466 3782">
     <span class='ocr_line' id='line_1_25' title="bbox 400 3155 1466 3243; baseline 0.008 -21"><span class='ocrx_word' id='word_1_189' title='bbox 400 3159 448 3222; x_wconf 86' lang='lat' dir='ltr'><strong>Ex</strong></span> <span class='ocrx_word' id='word_1_190' title='bbox 460 3159 613 3224; x_wconf 84' lang='lat' dir='ltr'><strong>Cicerone</strong></span> <span class='ocrx_word' id='word_1_191' title='bbox 629 3158 700 3240; x_wconf 90' lang='lat' dir='ltr'><strong>ipso</strong></span> <span class='ocrx_word' id='word_1_192' title='bbox 717 3158 776 3222; x_wconf 92' lang='lat' dir='ltr'><strong>hos</strong></span> <span class='ocrx_word' id='word_1_193' title='bbox 791 3158 878 3223; x_wconf 89' lang='lat' dir='ltr'><strong>locos</strong></span> <span class='ocrx_word' id='word_1_194' title='bbox 902 3156 1065 3222; x_wconf 87' lang='lat' dir='ltr'><strong>conferas:</strong></span> <span class='ocrx_word' id='word_1_195' title='bbox 1089 3155 1141 3222; x_wconf 89' lang='lat' dir='ltr'><strong>De</strong></span> <span class='ocrx_word' id='word_1_196' title='bbox 1154 3162 1221 3221; x_wconf 81' lang='lat' dir='ltr'><strong>nat.</strong></span> <span class='ocrx_word' id='word_1_197' title='bbox 1238 3155 1466 3243; x_wconf 82' lang='lat' dir='ltr'><strong>deor.11159;</strong></span> 
     </span>
     <span class='ocr_line' id='line_1_26' title="bbox 313 3261 1465 3352; baseline 0.005 -22"><span class='ocrx_word' id='word_1_198' title='bbox 313 3265 433 3330; x_wconf 78' lang='lat' dir='ltr'><strong>dedic.</strong></span> <span class='ocrx_word' id='word_1_199' title='bbox 457 3264 585 3344; x_wconf 74' lang='lat'><em>111493</em></span> <span class='ocrx_word' id='word_1_200' title='bbox 617 3263 694 3330; x_wconf 84' lang='lat' dir='ltr'><strong>Luc.</strong></span> <span class='ocrx_word' id='word_1_201' title='bbox 718 3268 777 3344; x_wconf 82' lang='lat'><strong>263</strong></span> <span class='ocrx_word' id='word_1_202' title='bbox 803 3270 860 3344; x_wconf 74' lang='lat'><strong>543</strong></span> <span class='ocrx_word' id='word_1_203' title='bbox 885 3269 945 3344; x_wconf 83' lang='lat'><strong>583</strong></span> <span class='ocrx_word' id='word_1_204' title='bbox 972 3269 1041 3343; x_wconf 89' lang='grc'>110,</span> <span class='ocrx_word' id='word_1_205' title='bbox 1065 3261 1118 3330; x_wconf 91' lang='lat' dir='ltr'><strong>ubi</strong></span> <span class='ocrx_word' id='word_1_206' title='bbox 1142 3271 1251 3331; x_wconf 76' lang='lat' dir='ltr'><strong>»note«</strong></span> <span class='ocrx_word' id='word_1_207' title='bbox 1274 3267 1341 3350; x_wconf 91' lang='lat' dir='ltr'><strong>illa,</strong></span> <span class='ocrx_word' id='word_1_208' title='bbox 1365 3287 1465 3352; x_wconf 89' lang='lat' dir='ltr'><strong>quam</strong></span> 
     </span>
     <span class='ocr_line' id='line_1_27' title="bbox 313 3371 1465 3459; baseline 0.003 -18"><span class='ocrx_word' id='word_1_209' title='bbox 313 3374 458 3442; x_wconf 81' lang='lat' dir='ltr'><strong>Schoem.</strong></span> <span class='ocrx_word' id='word_1_210' title='bbox 482 3371 523 3438; x_wconf 92' lang='lat' dir='ltr'><strong>ad</strong></span> <span class='ocrx_word' id='word_1_211' title='bbox 547 3373 779 3458; x_wconf 70' lang='lat' dir='ltr'><strong>»agnitionem«</strong></span> <span class='ocrx_word' id='word_1_212' title='bbox 801 3371 864 3438; x_wconf 91' lang='lat' dir='ltr'><strong>sibi</strong></span> <span class='ocrx_word' id='word_1_213' title='bbox 885 3373 1047 3455; x_wconf 86' lang='lat' dir='ltr'><strong>postulat,</strong></span> <span class='ocrx_word' id='word_1_214' title='bbox 1075 3372 1301 3456; x_wconf 80' lang='lat' dir='ltr'><strong>»cognitionis«</strong></span> <span class='ocrx_word' id='word_1_215' title='bbox 1324 3374 1465 3459; x_wconf 82' lang='lat' dir='ltr'><strong>dicitur3</strong></span> 
     </span>
     <span class='ocr_line' id='line_1_28' title="bbox 309 3479 1465 3565; baseline 0.003 -17"><span class='ocrx_word' id='word_1_216' title='bbox 309 3484 445 3550; x_wconf 86' lang='lat' dir='ltr'><strong>maxime</strong></span> <span class='ocrx_word' id='word_1_217' title='bbox 470 3486 597 3548; x_wconf 89' lang='lat' dir='ltr'><strong>autem:</strong></span> <span class='ocrx_word' id='word_1_218' title='bbox 621 3479 727 3564; x_wconf 65' lang='lat' dir='ltr'><strong>deliro.</strong></span> <span class='ocrx_word' id='word_1_219' title='bbox 744 3481 843 3548; x_wconf 84' lang='lat' dir='ltr'>V44:</span> <span class='ocrx_word' id='word_1_220' title='bbox 869 3480 981 3547; x_wconf 87' lang='lat' dir='ltr'><strong>»lubet</strong></span> <span class='ocrx_word' id='word_1_221' title='bbox 1003 3482 1103 3564; x_wconf 89' lang='lat' dir='ltr'><strong>igitur</strong></span> <span class='ocrx_word' id='word_1_222' title='bbox 1124 3501 1183 3549; x_wconf 89' lang='lat' dir='ltr'><strong>nos</strong></span> <span class='ocrx_word' id='word_1_223' title='bbox 1195 3481 1331 3565; x_wconf 90' lang='lat' dir='ltr'><strong>Pythius</strong></span> <span class='ocrx_word' id='word_1_224' title='bbox 1343 3483 1465 3565; x_wconf 84' lang='lat' dir='ltr'><strong>Apollo</strong></span> 
     </span>
     <span class='ocr_line' id='line_1_29' title="bbox 311 3589 1466 3676; baseline 0 -18"><span class='ocrx_word' id='word_1_225' title='bbox 311 3610 444 3658; x_wconf 89' lang='lat' dir='ltr'><strong>noscere</strong></span> <span class='ocrx_word' id='word_1_226' title='bbox 467 3596 593 3657; x_wconf 91' lang='lat' dir='ltr'><strong>nosmet</strong></span> <span class='ocrx_word' id='word_1_227' title='bbox 624 3590 733 3672; x_wconf 83' lang='lat' dir='ltr'><strong>ipsos3</strong></span> <span class='ocrx_word' id='word_1_228' title='bbox 767 3589 908 3676; x_wconf 91' lang='lat' dir='ltr'><strong>cognitio</strong></span> <span class='ocrx_word' id='word_1_229' title='bbox 941 3595 1050 3657; x_wconf 90' lang='lat' dir='ltr'><strong>autem</strong></span> <span class='ocrx_word' id='word_1_230' title='bbox 1081 3591 1162 3656; x_wconf 94' lang='lat' dir='ltr'><strong>haec</strong></span> <span class='ocrx_word' id='word_1_231' title='bbox 1187 3594 1323 3654; x_wconf 86' lang='lat' dir='ltr'><strong>estune</strong></span> <span class='ocrx_word' id='word_1_232' title='bbox 1345 3591 1466 3674; x_wconf 90' lang='lat' dir='ltr'><strong>nostri,</strong></span> 
     </span>
     <span class='ocr_line' id='line_1_30' title="bbox 310 3698 1115 3782; baseline -0.009 -16"><span class='ocrx_word' id='word_1_233' title='bbox 310 3705 348 3766; x_wconf 87' lang='lat' dir='ltr'><strong>ut</strong></span> <span class='ocrx_word' id='word_1_234' title='bbox 369 3701 433 3766; x_wconf 86' lang='lat' dir='ltr'><strong>vim</strong></span> <span class='ocrx_word' id='word_1_235' title='bbox 457 3698 600 3782; x_wconf 88' lang='lat' dir='ltr'><strong>corporis</strong></span> <span class='ocrx_word' id='word_1_236' title='bbox 623 3698 784 3781; x_wconf 88' lang='lat' dir='ltr'><strong>animique</strong></span> <span class='ocrx_word' id='word_1_237' title='bbox 807 3698 949 3764; x_wconf 88' lang='lat' dir='ltr'><strong>norimus</strong></span> <span class='ocrx_word' id='word_1_238' title='bbox 973 3714 1000 3761; x_wconf 86' lang='lat' dir='ltr'><strong>e.</strong></span> <span class='ocrx_word' id='word_1_239' title='bbox 1017 3714 1047 3778; x_wconf 89' lang='lat' dir='ltr'><strong>q.</strong></span> <span class='ocrx_word' id='word_1_240' title='bbox 1062 3713 1115 3761; x_wconf 78' lang='lat' dir='ltr'><strong>s«.</strong></span> 
     </span>
    </p>
   </div>
   <div class='ocr_carea' id='block_1_9' title="bbox 296 3799 1581 4116">
    <p class='ocr_par' dir='ltr' id='par_1_10' title="bbox 296 3799 1581 4116">
     <span class='ocr_line' id='line_1_31' title="bbox 400 3799 1581 3887; baseline -0.002 -13"><span class='ocrx_word' id='word_1_241' title='bbox 400 3809 492 3874; x_wconf 76' lang='lat' dir='ltr'><strong>Taso.</strong></span> <span class='ocrx_word' id='word_1_242' title='bbox 514 3809 530 3874; x_wconf 95' lang='grc' dir='ltr'>Ι</span> <span class='ocrx_word' id='word_1_243' title='bbox 553 3814 613 3873; x_wconf 81' lang='lat'><strong>71:</strong></span> <span class='ocrx_word' id='word_1_244' title='bbox 648 3807 702 3871; x_wconf 94' lang='lat' dir='ltr'><strong>»ln</strong></span> <span class='ocrx_word' id='word_1_245' title='bbox 732 3805 830 3872; x_wconf 92' lang='lat' dir='ltr'><strong>animi</strong></span> <span class='ocrx_word' id='word_1_246' title='bbox 861 3811 970 3872; x_wconf 88' lang='lat' dir='ltr'><strong>autem</strong></span> <span class='ocrx_word' id='word_1_247' title='bbox 1000 3805 1183 3887; x_wconf 86' lang='lat' dir='ltr'><strong>cognitione</strong></span> <span class='ocrx_word' id='word_1_248' title='bbox 1214 3799 1365 3870; x_wconf 86' lang='lat' dir='ltr'><strong>dubitare</strong></span> <span class='ocrx_word' id='word_1_249' title='bbox 1397 3825 1465 3872; x_wconf 94' lang='lat' dir='ltr'><strong>non</strong></span> <span class='ocrx_word' id='word_1_250' title='bbox 1580 3833 1581 3856; x_wconf 62' lang='lat' dir='ltr'><strong>r</strong></span> 
     </span>
     <span class='ocr_line' id='line_1_32' title="bbox 308 3910 1581 4000; baseline -0.002 -17"><span class='ocrx_word' id='word_1_251' title='bbox 308 3934 495 4000; x_wconf 87' lang='lat' dir='ltr'><strong>possumus,</strong></span> <span class='ocrx_word' id='word_1_252' title='bbox 527 3916 590 3982; x_wconf 90' lang='lat' dir='ltr'><strong>nisi</strong></span> <span class='ocrx_word' id='word_1_253' title='bbox 613 3915 709 3999; x_wconf 92' lang='lat' dir='ltr'><strong>plane</strong></span> <span class='ocrx_word' id='word_1_254' title='bbox 737 3915 770 3981; x_wconf 94' lang='lat' dir='ltr'><strong>in</strong></span> <span class='ocrx_word' id='word_1_255' title='bbox 793 3914 935 3999; x_wconf 88' lang='lat' dir='ltr'><strong>physicis</strong></span> <span class='ocrx_word' id='word_1_256' title='bbox 957 3910 1099 3996; x_wconf 91' lang='lat' dir='ltr'><strong>plumbei</strong></span> <span class='ocrx_word' id='word_1_257' title='bbox 1123 3930 1249 3996; x_wconf 90' lang='lat' dir='ltr'><strong>sumus,</strong></span> <span class='ocrx_word' id='word_1_258' title='bbox 1280 3911 1356 3995; x_wconf 91' lang='lat' dir='ltr'><strong>quin</strong></span> <span class='ocrx_word' id='word_1_259' title='bbox 1379 3913 1467 3980; x_wconf 93' lang='lat' dir='ltr'><strong>nihil</strong></span> <span class='ocrx_word' id='word_1_260' title='bbox 1580 3987 1581 3994; x_wconf 7' lang='grc' dir='ltr'>ἵ</span> 
     </span>
     <span class='ocr_line' id='line_1_33' title="bbox 296 4020 1581 4116; baseline -0.002 -26"><span class='ocrx_word' id='word_1_261' title='bbox 296 4023 356 4116; x_wconf 85' lang='lat' dir='ltr'><strong>sit</strong></span> <span class='ocrx_word' id='word_1_262' title='bbox 379 4024 494 4090; x_wconf 87' lang='lat' dir='ltr'><strong>animis</strong></span> <span class='ocrx_word' id='word_1_263' title='bbox 517 4023 705 4104; x_wconf 88' lang='lat' dir='ltr'><strong>admixtum,</strong></span> <span class='ocrx_word' id='word_1_264' title='bbox 729 4023 808 4088; x_wconf 94' lang='lat' dir='ltr'><strong>nihil</strong></span> <span class='ocrx_word' id='word_1_265' title='bbox 832 4028 1033 4102; x_wconf 91' lang='lat' dir='ltr'><strong>concretum,</strong></span> <span class='ocrx_word' id='word_1_266' title='bbox 1057 4022 1137 4088; x_wconf 95' lang='lat' dir='ltr'><strong>nihil</strong></span> <span class='ocrx_word' id='word_1_267' title='bbox 1160 4020 1354 4104; x_wconf 89' lang='lat' dir='ltr'><strong>copulatum,</strong></span> <span class='ocrx_word' id='word_1_268' title='bbox 1378 4021 1465 4087; x_wconf 95' lang='lat' dir='ltr'><strong>nihil</strong></span> <span class='ocrx_word' id='word_1_269' title='bbox 1580 4029 1581 4116; x_wconf 57' lang='lat' dir='ltr'>j</span> 
     </span>
    </p>
   </div>
   <div class='ocr_carea' id='block_1_10' title="bbox 309 4132 1466 4654">
    <p class='ocr_par' dir='ltr' id='par_1_11' title="bbox 311 4132 853 4217">
     <span class='ocr_line' id='line_1_34' title="bbox 311 4132 853 4217; baseline -0.018 -15"><span class='ocrx_word' id='word_1_270' title='bbox 311 4135 581 4217; x_wconf 85' lang='lat' dir='ltr'><strong>coagmentatum,</strong></span> <span class='ocrx_word' id='word_1_271' title='bbox 605 4133 685 4198; x_wconf 93' lang='lat' dir='ltr'><strong>nihil</strong></span> <span class='ocrx_word' id='word_1_272' title='bbox 707 4132 853 4214; x_wconf 72' lang='lat' dir='ltr'><strong>duplam«</strong></span> 
     </span>
    </p>

    <p class='ocr_par' dir='ltr' id='par_1_12' title="bbox 309 4235 1466 4654">
     <span class='ocr_line' id='line_1_35' title="bbox 397 4235 1465 4324; baseline -0.003 -17"><span class='ocrx_word' id='word_1_273' title='bbox 397 4241 435 4307; x_wconf 81' lang='lat' dir='ltr'><strong>cle</strong></span> <span class='ocrx_word' id='word_1_274' title='bbox 454 4243 511 4324; x_wconf 73' lang='lat' dir='ltr'><strong>[in.</strong></span> <span class='ocrx_word' id='word_1_275' title='bbox 533 4240 578 4307; x_wconf 93' lang='lat' dir='ltr'><strong>lV</strong></span> <span class='ocrx_word' id='word_1_276' title='bbox 603 4243 662 4306; x_wconf 84' lang='lat'><strong>36:</strong></span> <span class='ocrx_word' id='word_1_277' title='bbox 687 4239 807 4318; x_wconf 82' lang='lat' dir='ltr'><strong>»Quam</strong></span> <span class='ocrx_word' id='word_1_278' title='bbox 829 4238 870 4306; x_wconf 93' lang='lat' dir='ltr'><strong>oh</strong></span> <span class='ocrx_word' id='word_1_279' title='bbox 894 4258 963 4306; x_wconf 93' lang='lat' dir='ltr'><strong>rem</strong></span> <span class='ocrx_word' id='word_1_280' title='bbox 985 4238 1115 4322; x_wconf 92' lang='lat' dir='ltr'><strong>utrique</strong></span> <span class='ocrx_word' id='word_1_281' title='bbox 1137 4236 1222 4304; x_wconf 86' lang='lat' dir='ltr'><strong>idem</strong></span> <span class='ocrx_word' id='word_1_282' title='bbox 1246 4235 1386 4316; x_wconf 86' lang='lat' dir='ltr'><strong>iaciunt,</strong></span> <span class='ocrx_word' id='word_1_283' title='bbox 1412 4244 1465 4321; x_wconf 85' lang='lat' dir='ltr'><strong>ut,</strong></span> 
     </span>
     <span class='ocr_line' id='line_1_36' title="bbox 309 4345 1466 4435; baseline -0.003 -17"><span class='ocrx_word' id='word_1_284' title='bbox 309 4351 338 4418; x_wconf 93' lang='lat' dir='ltr'><strong>si</strong></span> <span class='ocrx_word' id='word_1_285' title='bbox 360 4351 486 4418; x_wconf 86' lang='lat' dir='ltr'><strong>laevam</strong></span> <span class='ocrx_word' id='word_1_286' title='bbox 501 4356 629 4433; x_wconf 87' lang='lat' dir='ltr'><strong>partem</strong></span> <span class='ocrx_word' id='word_1_287' title='bbox 644 4349 865 4435; x_wconf 89' lang='lat' dir='ltr'><strong>neglegerent,</strong></span> <span class='ocrx_word' id='word_1_288' title='bbox 889 4348 1056 4417; x_wconf 87' lang='lat' dir='ltr'><strong>dexteram</strong></span> <span class='ocrx_word' id='word_1_289' title='bbox 1071 4352 1253 4427; x_wconf 86' lang='lat' dir='ltr'><strong>tuerentur,</strong></span> <span class='ocrx_word' id='word_1_290' title='bbox 1276 4351 1334 4413; x_wconf 91' lang='lat' dir='ltr'><strong>aut</strong></span> <span class='ocrx_word' id='word_1_291' title='bbox 1354 4345 1466 4427; x_wconf 90' lang='lat' dir='ltr'><strong>ipsius</strong></span> 
     </span>
     <span class='ocr_line' id='line_1_37' title="bbox 310 4452 1464 4546; baseline -0.004 -21"><span class='ocrx_word' id='word_1_292' title='bbox 310 4458 418 4535; x_wconf 91' lang='lat' dir='ltr'><strong>animi,</strong></span> <span class='ocrx_word' id='word_1_293' title='bbox 442 4463 479 4524; x_wconf 95' lang='lat' dir='ltr'><strong>ut</strong></span> <span class='ocrx_word' id='word_1_294' title='bbox 502 4457 581 4525; x_wconf 91' lang='lat' dir='ltr'><strong>iecit</strong></span> <span class='ocrx_word' id='word_1_295' title='bbox 603 4458 735 4539; x_wconf 83' lang='lat' dir='ltr'><strong>Erillus,</strong></span> <span class='ocrx_word' id='word_1_296' title='bbox 760 4458 978 4546; x_wconf 91' lang='lat' dir='ltr'><strong>cognitionem</strong></span> <span class='ocrx_word' id='word_1_297' title='bbox 1000 4458 1271 4542; x_wconf 86' lang='lat' dir='ltr'><strong>amplexarentur,</strong></span> <span class='ocrx_word' id='word_1_298' title='bbox 1295 4452 1464 4520; x_wconf 89' lang='lat' dir='ltr'><strong>actionem</strong></span> 
     </span>
     <span class='ocr_line' id='line_1_38' title="bbox 310 4567 557 4654; baseline -0.032 -18"><span class='ocrx_word' id='word_1_299' title='bbox 310 4567 557 4654; x_wconf 74' lang='lat' dir='ltr'><strong>relinquerent«</strong></span> 
     </span>
    </p>
   </div>
   <div class='ocr_carea' id='block_1_11' title="bbox 0 0 1614 5144">
    <p class='ocr_par' dir='ltr' id='par_1_13' title="bbox 0 0 1614 5144">
     <span class='ocr_line' id='line_1_39' title="bbox 0 0 1614 5144; baseline 0 2"><span class='ocrx_word' id='word_1_300' title='bbox 0 0 1614 5144; x_wconf 95' lang='lat' dir='ltr'><strong> </strong></span> 
     </span>
    </p>
   </div>
  </div>
 </body>
</html>
