<?xml version="1.0" encoding="UTF-8"?>
<!DOCTYPE html PUBLIC "-//W3C//DTD XHTML 1.0 Transitional//EN"
    "http://www.w3.org/TR/xhtml1/DTD/xhtml1-transitional.dtd">
<html xmlns="http://www.w3.org/1999/xhtml" xml:lang="en" lang="en">
 <head>
  <title>
</title>
<meta http-equiv="Content-Type" content="text/html;charset=utf-8" />
  <meta name='ocr-system' content='tesseract 3.04.00' />
  <meta name='ocr-capabilities' content='ocr_page ocr_carea ocr_par ocr_line ocrx_word'/>
</head>
<body>
  <div class='ocr_page' id='page_1' title='image "./deciceronislibr01diecgoog_0012.png"; bbox 0 0 3218 5144; ppageno 0'>
   <div class='ocr_carea' id='block_1_1' title="bbox 181 1533 1396 3786">
    <p class='ocr_par' dir='ltr' id='par_1_1' title="bbox 181 1512 1396 3786">
     <span class='ocr_line' id='line_1_1' title="bbox 274 1533 1329 1620; baseline -0.005 -11"><span class='ocrx_word' id='word_1_1' title='bbox 274 1540 355 1609; x_wconf 89' lang='lat' dir='ltr'>tsi</span> <span class='ocrx_word' id='word_1_2' title='bbox 381 1538 461 1604; x_wconf 91' lang='lat' dir='ltr'>artis</span> <span class='ocrx_word' id='word_1_3' title='bbox 485 1535 616 1603; x_wconf 81' lang='lat' dir='ltr'>criticae</span> <span class='ocrx_word' id='word_1_4' title='bbox 649 1534 681 1598; x_wconf 95' lang='lat' dir='ltr'>in</span> <span class='ocrx_word' id='word_1_5' title='bbox 705 1533 870 1602; x_wconf 82' lang='lat' dir='ltr'><strong>Ciceronis</strong></span> <span class='ocrx_word' id='word_1_6' title='bbox 901 1534 993 1601; x_wconf 91' lang='lat' dir='ltr'>libris</span> <span class='ocrx_word' id='word_1_7' title='bbox 1024 1535 1065 1602; x_wconf 91' lang='lat' dir='ltr'>ad</span> <span class='ocrx_word' id='word_1_8' title='bbox 1095 1535 1329 1620; x_wconf 82' lang='lat' dir='ltr'>philosophiam</span> 
     </span>
     <span class='ocr_line' id='line_1_2' title="bbox 183 1641 1328 1729; baseline -0.004 -16"><span class='ocrx_word' id='word_1_9' title='bbox 183 1645 405 1729; x_wconf 83' lang='lat' dir='ltr'>spectantibus</span> <span class='ocrx_word' id='word_1_10' title='bbox 437 1641 635 1709; x_wconf 80' lang='lat' dir='ltr'>exercendae</span> <span class='ocrx_word' id='word_1_11' title='bbox 663 1641 708 1707; x_wconf 90' lang='lat' dir='ltr'>lo.</span> <span class='ocrx_word' id='word_1_12' title='bbox 733 1641 909 1726; x_wconf 84' lang='lat' dir='ltr'>Georgium</span> <span class='ocrx_word' id='word_1_13' title='bbox 932 1641 1097 1707; x_wconf 88' lang='lat' dir='ltr'>Baiterum</span> <span class='ocrx_word' id='word_1_14' title='bbox 1121 1647 1154 1708; x_wconf 89' lang='lat' dir='ltr'>et</span> <span class='ocrx_word' id='word_1_15' title='bbox 1178 1642 1328 1709; x_wconf 75' lang='lat' dir='ltr'>carolum</span> 
     </span>
     <span class='ocr_line' id='line_1_3' title="bbox 183 1749 1329 1832; baseline -0.004 -10"><span class='ocrx_word' id='word_1_16' title='bbox 183 1757 345 1822; x_wconf 85' lang='lat' dir='ltr'>Halmium</span> <span class='ocrx_word' id='word_1_17' title='bbox 368 1753 510 1820; x_wconf 89' lang='lat' dir='ltr'>editione</span> <span class='ocrx_word' id='word_1_18' title='bbox 534 1771 592 1817; x_wconf 88' lang='lat' dir='ltr'>sua</span> <span class='ocrx_word' id='word_1_19' title='bbox 615 1750 783 1815; x_wconf 86' lang='lat' dir='ltr'>Turicensi</span> <span class='ocrx_word' id='word_1_20' title='bbox 807 1750 911 1815; x_wconf 88' lang='lat' dir='ltr'>altera</span> <span class='ocrx_word' id='word_1_21' title='bbox 934 1749 1097 1832; x_wconf 81' lang='lat' dir='ltr'>egregium</span> <span class='ocrx_word' id='word_1_22' title='bbox 1120 1750 1236 1817; x_wconf 90' lang='lat' dir='ltr'>iecisse</span> <span class='ocrx_word' id='word_1_23' title='bbox 1259 1752 1329 1817; x_wconf 85' lang='lat' dir='ltr'>lun-</span> 
     </span>
     <span class='ocr_line' id='line_1_4' title="bbox 183 1857 1330 1942; baseline -0.005 -10"><span class='ocrx_word' id='word_1_24' title='bbox 183 1866 368 1932; x_wconf 84' lang='lat' dir='ltr'>damentunr</span> <span class='ocrx_word' id='word_1_25' title='bbox 399 1869 432 1929; x_wconf 93' lang='lat' dir='ltr'>et</span> <span class='ocrx_word' id='word_1_26' title='bbox 463 1862 503 1927; x_wconf 92' lang='lat' dir='ltr'>de</span> <span class='ocrx_word' id='word_1_27' title='bbox 536 1860 702 1926; x_wconf 87' lang='lat' dir='ltr'>Ciceronis</span> <span class='ocrx_word' id='word_1_28' title='bbox 733 1857 840 1924; x_wconf 88' lang='lat' dir='ltr'>verbis</span> <span class='ocrx_word' id='word_1_29' title='bbox 870 1859 1069 1940; x_wconf 85' lang='lat' dir='ltr'>explicandis</span> <span class='ocrx_word' id='word_1_30' title='bbox 1103 1864 1201 1942; x_wconf 74' lang='lat' dir='ltr'>atquae</span> <span class='ocrx_word' id='word_1_31' title='bbox 1233 1861 1330 1926; x_wconf 90' lang='lat' dir='ltr'>resti-</span> 
     </span>
     <span class='ocr_line' id='line_1_5' title="bbox 184 1966 1328 2054; baseline -0.006 -14"><span class='ocrx_word' id='word_1_32' title='bbox 184 1973 312 2040; x_wconf 82' lang='lat' dir='ltr'>tuendis</span> <span class='ocrx_word' id='word_1_33' title='bbox 342 1973 462 2054; x_wconf 89' lang='lat' dir='ltr'>optime</span> <span class='ocrx_word' id='word_1_34' title='bbox 486 1969 620 2035; x_wconf 88' lang='lat' dir='ltr'>meritos</span> <span class='ocrx_word' id='word_1_35' title='bbox 643 1987 716 2034; x_wconf 86' lang='lat' dir='ltr'>esse</span> <span class='ocrx_word' id='word_1_36' title='bbox 739 1986 832 2033; x_wconf 90' lang='lat' dir='ltr'>nemo</span> <span class='ocrx_word' id='word_1_37' title='bbox 855 1966 1007 2052; x_wconf 83' lang='lat' dir='ltr'>negabit,</span> <span class='ocrx_word' id='word_1_38' title='bbox 1040 1973 1149 2034; x_wconf 91' lang='lat' dir='ltr'>tamen</span> <span class='ocrx_word' id='word_1_39' title='bbox 1181 1967 1328 2036; x_wconf 86' lang='lat' dir='ltr'>dubitau-</span> 
     </span>
     <span class='ocr_line' id='line_1_6' title="bbox 186 2076 1331 2161; baseline -0.003 -13"><span class='ocrx_word' id='word_1_40' title='bbox 186 2083 261 2148; x_wconf 90' lang='lat' dir='ltr'>dum</span> <span class='ocrx_word' id='word_1_41' title='bbox 284 2100 346 2146; x_wconf 92' lang='lat' dir='ltr'>non</span> <span class='ocrx_word' id='word_1_42' title='bbox 370 2085 430 2161; x_wconf 88' lang='lat' dir='ltr'>est,</span> <span class='ocrx_word' id='word_1_43' title='bbox 453 2079 528 2160; x_wconf 88' lang='lat' dir='ltr'>quin</span> <span class='ocrx_word' id='word_1_44' title='bbox 553 2079 638 2142; x_wconf 90' lang='lat' dir='ltr'>illius</span> <span class='ocrx_word' id='word_1_45' title='bbox 661 2077 813 2142; x_wconf 85' lang='lat' dir='ltr'>editionis</span> <span class='ocrx_word' id='word_1_46' title='bbox 830 2081 1005 2157; x_wconf 89' lang='lat' dir='ltr'>apparatus</span> <span class='ocrx_word' id='word_1_47' title='bbox 1022 2076 1153 2143; x_wconf 88' lang='lat' dir='ltr'>criticus</span> <span class='ocrx_word' id='word_1_48' title='bbox 1169 2078 1331 2160; x_wconf 84' lang='lat' dir='ltr'>philologo</span> 
     </span>
     <span class='ocr_line' id='line_1_7' title="bbox 186 2181 1332 2266; baseline -0.005 -12"><span class='ocrx_word' id='word_1_49' title='bbox 186 2186 370 2254; x_wconf 85' lang='lat' dir='ltr'>accuratius</span> <span class='ocrx_word' id='word_1_50' title='bbox 394 2183 575 2266; x_wconf 87' lang='lat' dir='ltr'>disputanti</span> <span class='ocrx_word' id='word_1_51' title='bbox 598 2202 659 2248; x_wconf 94' lang='lat' dir='ltr'>non</span> <span class='ocrx_word' id='word_1_52' title='bbox 682 2182 746 2247; x_wconf 89' lang='lat' dir='ltr'>iam</span> <span class='ocrx_word' id='word_1_53' title='bbox 771 2181 919 2247; x_wconf 84' lang='lat' dir='ltr'>sufficiat.</span> <span class='ocrx_word' id='word_1_54' title='bbox 966 2181 1024 2248; x_wconf 88' lang='lat' dir='ltr'>Cui</span> <span class='ocrx_word' id='word_1_55' title='bbox 1048 2202 1118 2248; x_wconf 85' lang='lat' dir='ltr'>curn</span> <span class='ocrx_word' id='word_1_56' title='bbox 1142 2185 1207 2250; x_wconf 86' lang='lat' dir='ltr'>alia</span> <span class='ocrx_word' id='word_1_57' title='bbox 1229 2185 1332 2265; x_wconf 85' lang='lat' dir='ltr'>multa</span> 
     </span>
     <span class='ocr_line' id='line_1_8' title="bbox 184 2291 1330 2376; baseline -0.003 -16"><span class='ocrx_word' id='word_1_58' title='bbox 184 2296 320 2376; x_wconf 86' lang='lat' dir='ltr'>desunt,</span> <span class='ocrx_word' id='word_1_59' title='bbox 345 2291 461 2374; x_wconf 90' lang='lat' dir='ltr'>quibus</span> <span class='ocrx_word' id='word_1_60' title='bbox 485 2292 524 2356; x_wconf 92' lang='lat' dir='ltr'>ad</span> <span class='ocrx_word' id='word_1_61' title='bbox 550 2291 677 2356; x_wconf 89' lang='lat' dir='ltr'>codices</span> <span class='ocrx_word' id='word_1_62' title='bbox 701 2294 789 2356; x_wconf 91' lang='lat' dir='ltr'>recte</span> <span class='ocrx_word' id='word_1_63' title='bbox 813 2291 1031 2356; x_wconf 87' lang='lat' dir='ltr'>aestimandos</span> <span class='ocrx_word' id='word_1_64' title='bbox 1054 2310 1134 2373; x_wconf 90' lang='lat' dir='ltr'>opus</span> <span class='ocrx_word' id='word_1_65' title='bbox 1158 2298 1229 2371; x_wconf 87' lang='lat' dir='ltr'>est,</span> <span class='ocrx_word' id='word_1_66' title='bbox 1263 2299 1330 2358; x_wconf 83' lang='lat' dir='ltr'>turn</span> 
     </span>
     <span class='ocr_line' id='line_1_9' title="bbox 186 2398 1360 2483; baseline -0.002 -13"><span class='ocrx_word' id='word_1_67' title='bbox 186 2404 226 2470; x_wconf 91' lang='lat' dir='ltr'>de</span> <span class='ocrx_word' id='word_1_68' title='bbox 250 2402 454 2481; x_wconf 86' lang='lat' dir='ltr'>correcturis,</span> <span class='ocrx_word' id='word_1_69' title='bbox 479 2420 561 2483; x_wconf 91' lang='lat' dir='ltr'>quae</span> <span class='ocrx_word' id='word_1_70' title='bbox 584 2400 703 2482; x_wconf 91' lang='lat' dir='ltr'>passim</span> <span class='ocrx_word' id='word_1_71' title='bbox 728 2401 759 2463; x_wconf 91' lang='lat' dir='ltr'>in</span> <span class='ocrx_word' id='word_1_72' title='bbox 777 2398 922 2464; x_wconf 91' lang='lat' dir='ltr'>omnibus</span> <span class='ocrx_word' id='word_1_73' title='bbox 938 2400 1102 2467; x_wconf 89' lang='lat' dir='ltr'>codicibus</span> <span class='ocrx_word' id='word_1_74' title='bbox 1117 2402 1331 2480; x_wconf 87' lang='lat' dir='ltr'>inveniuntur,</span> <span class='ocrx_word' id='word_1_75' title='bbox 1358 2408 1360 2410; x_wconf 78' lang='grc'>’</span> 
     </span>
     <span class='ocr_line' id='line_1_10' title="bbox 182 2509 1330 2594; baseline 0 -16"><span class='ocrx_word' id='word_1_76' title='bbox 182 2512 251 2578; x_wconf 87' lang='lat' dir='ltr'>fere</span> <span class='ocrx_word' id='word_1_77' title='bbox 275 2512 353 2576; x_wconf 91' lang='lat' dir='ltr'>nihil</span> <span class='ocrx_word' id='word_1_78' title='bbox 377 2517 435 2576; x_wconf 91' lang='lat' dir='ltr'>aut</span> <span class='ocrx_word' id='word_1_79' title='bbox 457 2510 535 2574; x_wconf 90' lang='lat' dir='ltr'>nihil</span> <span class='ocrx_word' id='word_1_80' title='bbox 560 2510 640 2576; x_wconf 91' lang='lat' dir='ltr'>certi</span> <span class='ocrx_word' id='word_1_81' title='bbox 662 2509 799 2590; x_wconf 88' lang='lat' dir='ltr'>dicitur;</span> <span class='ocrx_word' id='word_1_82' title='bbox 838 2517 951 2575; x_wconf 72' lang='lat' dir='ltr'>cotnra</span> <span class='ocrx_word' id='word_1_83' title='bbox 985 2528 1113 2576; x_wconf 86' lang='lat' dir='ltr'>errores</span> <span class='ocrx_word' id='word_1_84' title='bbox 1143 2530 1205 2577; x_wconf 95' lang='lat' dir='ltr'>non</span> <span class='ocrx_word' id='word_1_85' title='bbox 1236 2513 1330 2594; x_wconf 91' lang='lat' dir='ltr'>pauci</span> 
     </span>
     <span class='ocr_line' id='line_1_11' title="bbox 183 2618 1329 2703; baseline -0.002 -15"><span class='ocrx_word' id='word_1_86' title='bbox 183 2623 292 2688; x_wconf 91' lang='lat' dir='ltr'>insunt</span> <span class='ocrx_word' id='word_1_87' title='bbox 303 2621 337 2702; x_wconf 86' lang='lat'>¹).</span> <span class='ocrx_word' id='word_1_88' title='bbox 385 2619 596 2686; x_wconf 87' lang='lat' dir='ltr'>Gaudendum</span> <span class='ocrx_word' id='word_1_89' title='bbox 620 2619 802 2703; x_wconf 83' lang='lat' dir='ltr'>igiturest,</span> <span class='ocrx_word' id='word_1_90' title='bbox 827 2625 998 2700; x_wconf 89' lang='lat' dir='ltr'>postquam</span> <span class='ocrx_word' id='word_1_91' title='bbox 1011 2618 1175 2685; x_wconf 89' lang='lat' dir='ltr'>Vahlenus</span> <span class='ocrx_word' id='word_1_92' title='bbox 1191 2620 1223 2686; x_wconf 94' lang='lat' dir='ltr'>in</span> <span class='ocrx_word' id='word_1_93' title='bbox 1239 2640 1329 2686; x_wconf 88' lang='lat' dir='ltr'>usum</span> 
     </span>
     <span class='ocr_line' id='line_1_12' title="bbox 184 2726 1396 2810; baseline 0.002 -14"><span class='ocrx_word' id='word_1_94' title='bbox 184 2730 335 2797; x_wconf 87' lang='lat' dir='ltr'>editionis</span> <span class='ocrx_word' id='word_1_95' title='bbox 358 2747 436 2794; x_wconf 90' lang='lat' dir='ltr'>suae</span> <span class='ocrx_word' id='word_1_96' title='bbox 467 2726 622 2794; x_wconf 86' lang='lat' dir='ltr'>librorum</span> <span class='ocrx_word' id='word_1_97' title='bbox 650 2727 829 2810; x_wconf 78' lang='lat' dir='ltr'>delapidata</span> <span class='ocrx_word' id='word_1_98' title='bbox 863 2727 991 2792; x_wconf 91' lang='lat' dir='ltr'>codices</span> <span class='ocrx_word' id='word_1_99' title='bbox 1024 2727 1142 2793; x_wconf 91' lang='lat' dir='ltr'>iterum</span> <span class='ocrx_word' id='word_1_100' title='bbox 1178 2731 1329 2808; x_wconf 85' lang='lat' dir='ltr'>excussit,</span> <span class='ocrx_word' id='word_1_101' title='bbox 1394 2795 1396 2798; x_wconf 83' lang='lat'>.</span> 
     </span>
     <span class='ocr_line' id='line_1_13' title="bbox 185 2836 1329 2918; baseline 0 -16"><span class='ocrx_word' id='word_1_102' title='bbox 185 2840 286 2903; x_wconf 87' lang='lat' dir='ltr'>virum</span> <span class='ocrx_word' id='word_1_103' title='bbox 310 2836 531 2901; x_wconf 90' lang='lat' dir='ltr'>doctissimum</span> <span class='ocrx_word' id='word_1_104' title='bbox 546 2837 580 2899; x_wconf 89' lang='lat' dir='ltr'>P.</span> <span class='ocrx_word' id='word_1_105' title='bbox 599 2836 906 2918; x_wconf 80' lang='lat' dir='ltr'>Schuenlxium,</span> <span class='ocrx_word' id='word_1_106' title='bbox 930 2836 984 2917; x_wconf 90' lang='lat' dir='ltr'>qui</span> <span class='ocrx_word' id='word_1_107' title='bbox 1008 2855 1089 2901; x_wconf 90' lang='lat' dir='ltr'>nunc</span> <span class='ocrx_word' id='word_1_108' title='bbox 1114 2836 1329 2904; x_wconf 89' lang='lat' dir='ltr'>bibliothecae</span> 
     </span>
     <span class='ocr_line' id='line_1_14' title="bbox 185 2943 1366 3034; baseline 0.002 -23"><span class='ocrx_word' id='word_1_109' title='bbox 185 2947 298 3030; x_wconf 84' lang='lat' dir='ltr'>regiae</span> <span class='ocrx_word' id='word_1_110' title='bbox 330 2943 550 3010; x_wconf 89' lang='lat' dir='ltr'>universitatis</span> <span class='ocrx_word' id='word_1_111' title='bbox 572 2944 829 3034; x_wconf 86' lang='lat' dir='ltr'>Regimontanue</span> <span class='ocrx_word' id='word_1_112' title='bbox 858 2950 1009 3028; x_wconf 83' lang='lat' dir='ltr'>praeest,</span> <span class='ocrx_word' id='word_1_113' title='bbox 1045 2945 1142 3010; x_wconf 84' lang='lat' dir='ltr'>etiarn</span> <span class='ocrx_word' id='word_1_114' title='bbox 1176 2945 1330 3013; x_wconf 89' lang='lat' dir='ltr'>librorum</span> <span class='ocrx_word' id='word_1_115' title='bbox 1362 3025 1366 3032; x_wconf 35' lang='grc'><strong>,</strong></span> 
     </span>
     <span class='ocr_line' id='line_1_15' title="bbox 184 3053 1330 3137; baseline 0.002 -16"><span class='ocrx_word' id='word_1_116' title='bbox 184 3056 222 3121; x_wconf 84' lang='lat' dir='ltr'>dc</span> <span class='ocrx_word' id='word_1_117' title='bbox 243 3059 363 3118; x_wconf 83' lang='lat' dir='ltr'>notura</span> <span class='ocrx_word' id='word_1_118' title='bbox 384 3053 510 3118; x_wconf 84' lang='lat' dir='ltr'>deorum</span> <span class='ocrx_word' id='word_1_119' title='bbox 534 3053 659 3120; x_wconf 92' lang='lat' dir='ltr'>codices</span> <span class='ocrx_word' id='word_1_120' title='bbox 684 3053 787 3120; x_wconf 92' lang='lat' dir='ltr'>denuo</span> <span class='ocrx_word' id='word_1_121' title='bbox 811 3054 985 3119; x_wconf 88' lang='lat' dir='ltr'>contulisse</span> <span class='ocrx_word' id='word_1_122' title='bbox 1014 3073 1186 3137; x_wconf 86' lang='lat' dir='ltr'>eorumque</span> <span class='ocrx_word' id='word_1_123' title='bbox 1208 3057 1330 3123; x_wconf 88' lang='lat' dir='ltr'>variam</span> 
     </span>
     <span class='ocr_line' id='line_1_16' title="bbox 185 3161 1332 3243; baseline 0.004 -16"><span class='ocrx_word' id='word_1_124' title='bbox 185 3164 355 3229; x_wconf 88' lang='lat' dir='ltr'>lectionem</span> <span class='ocrx_word' id='word_1_125' title='bbox 390 3162 422 3226; x_wconf 90' lang='lat' dir='ltr'>in</span> <span class='ocrx_word' id='word_1_126' title='bbox 457 3161 662 3243; x_wconf 90' lang='lat' dir='ltr'>ephemeride</span> <span class='ocrx_word' id='word_1_127' title='bbox 699 3163 782 3227; x_wconf 89' lang='lat' dir='ltr'>The</span> <span class='ocrx_word' id='word_1_128' title='bbox 817 3163 1022 3228; x_wconf 85' lang='lat' dir='ltr'>classical</span> <span class='ocrx_word' id='word_1_129' title='bbox 1056 3164 1220 3232; x_wconf 86' lang='lat' dir='ltr'>Review</span> <span class='ocrx_word' id='word_1_130' title='bbox 1258 3168 1332 3232; x_wconf 88' lang='lat' dir='ltr'>anni</span> 
     </span>
     <span class='ocr_line' id='line_1_17' title="bbox 188 3268 1333 3352; baseline 0.003 -17"><span class='ocrx_word' id='word_1_131' title='bbox 188 3273 305 3349; x_wconf 71' lang='lat' dir='ltr'>lason</span> <span class='ocrx_word' id='word_1_132' title='bbox 331 3268 524 3352; x_wconf 91' lang='lat' dir='ltr'>publicasse.</span> <span class='ocrx_word' id='word_1_133' title='bbox 583 3269 651 3348; x_wconf 83' lang='lat' dir='ltr'>Quo</span> <span class='ocrx_word' id='word_1_134' title='bbox 683 3277 841 3352; x_wconf 87' lang='lat' dir='ltr'>apparatu</span> <span class='ocrx_word' id='word_1_135' title='bbox 873 3271 985 3336; x_wconf 89' lang='lat' dir='ltr'>critico</span> <span class='ocrx_word' id='word_1_136' title='bbox 1019 3289 1236 3338; x_wconf 85' lang='lat' dir='ltr'>summarum</span> <span class='ocrx_word' id='word_1_137' title='bbox 1261 3274 1333 3339; x_wconf 94' lang='lat' dir='ltr'>dili·</span> 
     </span>
     <span class='ocr_line' id='line_1_18' title="bbox 186 3377 1335 3460; baseline 0.004 -18"><span class='ocrx_word' id='word_1_138' title='bbox 186 3379 296 3459; x_wconf 84' lang='lat' dir='ltr'>gentia</span> <span class='ocrx_word' id='word_1_139' title='bbox 332 3383 428 3458; x_wconf 89' lang='lat' dir='ltr'>atque</span> <span class='ocrx_word' id='word_1_140' title='bbox 459 3377 632 3457; x_wconf 88' lang='lat' dir='ltr'>prudentia</span> <span class='ocrx_word' id='word_1_141' title='bbox 661 3377 807 3443; x_wconf 86' lang='lat' dir='ltr'>confecto</span> <span class='ocrx_word' id='word_1_142' title='bbox 836 3378 886 3443; x_wconf 89' lang='lat' dir='ltr'>usi</span> <span class='ocrx_word' id='word_1_143' title='bbox 918 3378 992 3460; x_wconf 87' lang='lat' dir='ltr'>quid</span> <span class='ocrx_word' id='word_1_144' title='bbox 1017 3379 1058 3445; x_wconf 92' lang='lat' dir='ltr'>de</span> <span class='ocrx_word' id='word_1_145' title='bbox 1081 3380 1244 3446; x_wconf 89' lang='lat' dir='ltr'>codicibus</span> <span class='ocrx_word' id='word_1_146' title='bbox 1266 3399 1335 3446; x_wconf 91' lang='lat' dir='ltr'>ma·</span> 
     </span>
     <span class='ocr_line' id='line_1_19' title="bbox 183 3485 1331 3573; baseline 0.001 -22"><span class='ocrx_word' id='word_1_147' title='bbox 183 3486 358 3568; x_wconf 89' lang='lat' dir='ltr'>nusoriptis</span> <span class='ocrx_word' id='word_1_148' title='bbox 382 3485 575 3569; x_wconf 90' lang='lat' dir='ltr'>iudicemus,</span> <span class='ocrx_word' id='word_1_149' title='bbox 599 3486 678 3550; x_wconf 90' lang='lat' dir='ltr'>mihi</span> <span class='ocrx_word' id='word_1_150' title='bbox 701 3485 927 3568; x_wconf 88' lang='lat' dir='ltr'>disputandum</span> <span class='ocrx_word' id='word_1_151' title='bbox 952 3487 1150 3573; x_wconf 59' lang='lat' dir='ltr'>proposuit).</span> <span class='ocrx_word' id='word_1_152' title='bbox 1208 3488 1277 3567; x_wconf 81' lang='lat' dir='ltr'>Qua</span> <span class='ocrx_word' id='word_1_153' title='bbox 1299 3489 1331 3553; x_wconf 93' lang='lat' dir='ltr'>in</span> 
     </span>
     <span class='ocr_line' id='line_1_20' title="bbox 181 3593 1332 3680; baseline 0.003 -20"><span class='ocrx_word' id='word_1_154' title='bbox 181 3614 217 3660; x_wconf 91' lang='lat' dir='ltr'>re</span> <span class='ocrx_word' id='word_1_155' title='bbox 240 3614 290 3658; x_wconf 91' lang='lat' dir='ltr'>me</span> <span class='ocrx_word' id='word_1_156' title='bbox 315 3613 375 3659; x_wconf 93' lang='lat' dir='ltr'>non</span> <span class='ocrx_word' id='word_1_157' title='bbox 400 3593 500 3677; x_wconf 82' lang='lat' dir='ltr'>fugit,</span> <span class='ocrx_word' id='word_1_158' title='bbox 524 3595 675 3660; x_wconf 81' lang='lat' dir='ltr'>iudiciuin</span> <span class='ocrx_word' id='word_1_159' title='bbox 700 3595 797 3679; x_wconf 93' lang='lat' dir='ltr'>illud,</span> <span class='ocrx_word' id='word_1_160' title='bbox 831 3595 872 3660; x_wconf 92' lang='lat' dir='ltr'>ad</span> <span class='ocrx_word' id='word_1_161' title='bbox 896 3596 980 3677; x_wconf 88' lang='lat' dir='ltr'>quod</span> <span class='ocrx_word' id='word_1_162' title='bbox 1003 3595 1190 3677; x_wconf 84' lang='lat' dir='ltr'>peruenturi</span> <span class='ocrx_word' id='word_1_163' title='bbox 1212 3615 1332 3680; x_wconf 89' lang='lat' dir='ltr'>sumus,</span> 
     </span>
     <span class='ocr_line' id='line_1_21' title="bbox 181 3701 1331 3786; baseline 0.002 -16"><span class='ocrx_word' id='word_1_164' title='bbox 181 3709 308 3770; x_wconf 89' lang='lat' dir='ltr'>tantum</span> <span class='ocrx_word' id='word_1_165' title='bbox 331 3704 363 3769; x_wconf 93' lang='lat' dir='ltr'>in</span> <span class='ocrx_word' id='word_1_166' title='bbox 386 3703 437 3770; x_wconf 91' lang='lat' dir='ltr'>bis</span> <span class='ocrx_word' id='word_1_167' title='bbox 460 3703 497 3768; x_wconf 85' lang='lat' dir='ltr'>de</span> <span class='ocrx_word' id='word_1_168' title='bbox 520 3709 639 3769; x_wconf 79' lang='lat' dir='ltr'>nutrire</span> <span class='ocrx_word' id='word_1_169' title='bbox 661 3701 790 3769; x_wconf 81' lang='lat' dir='ltr'>deorum</span> <span class='ocrx_word' id='word_1_170' title='bbox 813 3703 922 3785; x_wconf 90' lang='lat' dir='ltr'>libris,</span> <span class='ocrx_word' id='word_1_171' title='bbox 952 3724 1015 3770; x_wconf 90' lang='lat' dir='ltr'>non</span> <span class='ocrx_word' id='word_1_172' title='bbox 1039 3704 1187 3771; x_wconf 85' lang='lat' dir='ltr'>universe</span> <span class='ocrx_word' id='word_1_173' title='bbox 1213 3707 1331 3786; x_wconf 89' lang='lat' dir='ltr'>valere,</span> 
     </span>
    </p>
   </div>
   <div class='ocr_carea' id='block_1_2' title="bbox 182 3967 1334 4602">
    <p class='ocr_par' dir='ltr' id='par_1_2' title="bbox 184 3967 1334 4322">
     <span class='ocr_line' id='line_1_22' title="bbox 259 3967 1334 4040; baseline 0.003 -17"><span class='ocrx_word' id='word_1_174' title='bbox 259 3970 283 4039; x_wconf 90' lang='grc'>1)</span> <span class='ocrx_word' id='word_1_175' title='bbox 303 3967 391 4036; x_wconf 84' lang='lat' dir='ltr'>Quam</span> <span class='ocrx_word' id='word_1_176' title='bbox 412 3971 522 4026; x_wconf 83' lang='lat' dir='ltr'>certum</span> <span class='ocrx_word' id='word_1_177' title='bbox 542 3969 602 4024; x_wconf 88' lang='lat' dir='ltr'>eius</span> <span class='ocrx_word' id='word_1_178' title='bbox 621 3970 670 4038; x_wconf 90' lang='lat' dir='ltr'>qui</span> <span class='ocrx_word' id='word_1_179' title='bbox 691 3973 831 4040; x_wconf 83' lang='lat' dir='ltr'>apparatu</span> <span class='ocrx_word' id='word_1_180' title='bbox 858 3971 908 4026; x_wconf 90' lang='lat' dir='ltr'>illo</span> <span class='ocrx_word' id='word_1_181' title='bbox 924 3972 1021 4025; x_wconf 85' lang='lat' dir='ltr'>utatur</span> <span class='ocrx_word' id='word_1_182' title='bbox 1041 3970 1076 4026; x_wconf 88' lang='lat' dir='ltr'>de</span> <span class='ocrx_word' id='word_1_183' title='bbox 1095 3971 1242 4026; x_wconf 85' lang='lat' dir='ltr'>codioibus</span> <span class='ocrx_word' id='word_1_184' title='bbox 1261 3971 1334 4027; x_wconf 87' lang='lat' dir='ltr'>indi·</span> 
     </span>
     <span class='ocr_line' id='line_1_23' title="bbox 185 4061 1334 4136; baseline 0.003 -19"><span class='ocrx_word' id='word_1_185' title='bbox 185 4061 259 4118; x_wconf 89' lang='lat' dir='ltr'>cium</span> <span class='ocrx_word' id='word_1_186' title='bbox 281 4063 326 4130; x_wconf 84' lang='lat' dir='ltr'>sit,</span> <span class='ocrx_word' id='word_1_187' title='bbox 346 4063 510 4134; x_wconf 81' lang='lat' dir='ltr'>intelleges,</span> <span class='ocrx_word' id='word_1_188' title='bbox 535 4063 559 4118; x_wconf 87' lang='lat' dir='ltr'>si</span> <span class='ocrx_word' id='word_1_189' title='bbox 578 4081 601 4119; x_wconf 90' lang='lat' dir='ltr'>e.</span> <span class='ocrx_word' id='word_1_190' title='bbox 619 4083 661 4134; x_wconf 85' lang='lat' dir='ltr'>gr.</span> <span class='ocrx_word' id='word_1_191' title='bbox 681 4065 897 4134; x_wconf 86' lang='lat' dir='ltr'>comparaveris,</span> <span class='ocrx_word' id='word_1_192' title='bbox 926 4067 997 4134; x_wconf 85' lang='lat' dir='ltr'>quot</span> <span class='ocrx_word' id='word_1_193' title='bbox 1015 4081 1110 4121; x_wconf 89' lang='lat' dir='ltr'>eorum</span> <span class='ocrx_word' id='word_1_194' title='bbox 1132 4066 1334 4136; x_wconf 84' lang='lat' dir='ltr'>exemplorum,</span> 
     </span>
     <span class='ocr_line' id='line_1_24' title="bbox 184 4157 1334 4226; baseline 0.003 -17"><span class='ocrx_word' id='word_1_195' title='bbox 184 4172 256 4223; x_wconf 89' lang='lat' dir='ltr'>quae</span> <span class='ocrx_word' id='word_1_196' title='bbox 278 4157 377 4226; x_wconf 83' lang='lat' dir='ltr'>Mayor</span> <span class='ocrx_word' id='word_1_197' title='bbox 396 4157 425 4210; x_wconf 89' lang='lat' dir='ltr'>iu</span> <span class='ocrx_word' id='word_1_198' title='bbox 449 4157 585 4212; x_wconf 89' lang='lat' dir='ltr'>librorum</span> <span class='ocrx_word' id='word_1_199' title='bbox 611 4157 643 4210; x_wconf 85' lang='lat' dir='ltr'>dc</span> <span class='ocrx_word' id='word_1_200' title='bbox 663 4163 721 4210; x_wconf 82' lang='lat' dir='ltr'>not.</span> <span class='ocrx_word' id='word_1_201' title='bbox 740 4159 812 4213; x_wconf 82' lang='lat' dir='ltr'>deor.</span> <span class='ocrx_word' id='word_1_202' title='bbox 841 4157 976 4214; x_wconf 84' lang='lat' dir='ltr'>editionis</span> <span class='ocrx_word' id='word_1_203' title='bbox 1004 4157 1147 4214; x_wconf 86' lang='lat' dir='ltr'>volumine</span> <span class='ocrx_word' id='word_1_204' title='bbox 1168 4158 1207 4212; x_wconf 95' lang='lat' dir='ltr'>lll</span> <span class='ocrx_word' id='word_1_205' title='bbox 1233 4159 1270 4214; x_wconf 87' lang='lat' dir='ltr'>ad</span> <span class='ocrx_word' id='word_1_206' title='bbox 1290 4176 1334 4214; x_wconf 90' lang='lat' dir='ltr'>co·</span> 
     </span>
     <span class='ocr_line' id='line_1_25' title="bbox 184 4247 1331 4322; baseline 0.004 -20"><span class='ocrx_word' id='word_1_207' title='bbox 184 4247 260 4304; x_wconf 87' lang='lat' dir='ltr'>dices</span> <span class='ocrx_word' id='word_1_208' title='bbox 280 4249 471 4306; x_wconf 85' lang='lat' dir='ltr'>aestimandos</span> <span class='ocrx_word' id='word_1_209' title='bbox 489 4251 565 4305; x_wconf 86' lang='lat' dir='ltr'>bona</span> <span class='ocrx_word' id='word_1_210' title='bbox 584 4250 638 4306; x_wconf 87' lang='lat' dir='ltr'>fide</span> <span class='ocrx_word' id='word_1_211' title='bbox 657 4251 767 4317; x_wconf 85' lang='lat' dir='ltr'>attulit,</span> <span class='ocrx_word' id='word_1_212' title='bbox 786 4251 942 4306; x_wconf 83' lang='lat' dir='ltr'>fulserint.</span> <span class='ocrx_word' id='word_1_213' title='bbox 971 4251 1011 4307; x_wconf 83' lang='lat' dir='ltr'>Cf.</span> <span class='ocrx_word' id='word_1_214' title='bbox 1030 4251 1118 4306; x_wconf 84' lang='lat' dir='ltr'>etiam</span> <span class='ocrx_word' id='word_1_215' title='bbox 1137 4270 1164 4322; x_wconf 92' lang='lat' dir='ltr'>p.</span> <span class='ocrx_word' id='word_1_216' title='bbox 1177 4253 1209 4306; x_wconf 84' lang='lat'>21</span> <span class='ocrx_word' id='word_1_217' title='bbox 1231 4253 1295 4308; x_wconf 87' lang='lat' dir='ltr'>adn.</span> <span class='ocrx_word' id='word_1_218' title='bbox 1310 4256 1331 4307; x_wconf 93' lang='lat' dir='ltr'>l.</span> 
     </span>
    </p>

    <p class='ocr_par' dir='ltr' id='par_1_3' title="bbox 182 4343 1334 4602">
     <span class='ocr_line' id='line_1_26' title="bbox 253 4343 1333 4414; baseline 0.002 -18"><span class='ocrx_word' id='word_1_219' title='bbox 253 4343 281 4414; x_wconf 84' lang='lat'>2)</span> <span class='ocrx_word' id='word_1_220' title='bbox 301 4343 433 4399; x_wconf 79' lang='lat' dir='ltr'>Codicem</span> <span class='ocrx_word' id='word_1_221' title='bbox 454 4345 482 4398; x_wconf 92' lang='lat' dir='ltr'><em>B</em></span> <span class='ocrx_word' id='word_1_222' title='bbox 503 4360 613 4399; x_wconf 86' lang='lat' dir='ltr'>summa</span> <span class='ocrx_word' id='word_1_223' title='bbox 633 4345 806 4400; x_wconf 85' lang='lat' dir='ltr'>liberalitate</span> <span class='ocrx_word' id='word_1_224' title='bbox 824 4345 878 4400; x_wconf 86' lang='lat' dir='ltr'>viri</span> <span class='ocrx_word' id='word_1_225' title='bbox 898 4343 1052 4400; x_wconf 84' lang='lat' dir='ltr'>doctissimi</span> <span class='ocrx_word' id='word_1_226' title='bbox 1073 4344 1165 4399; x_wconf 79' lang='lat' dir='ltr'>Guil.</span> <span class='ocrx_word' id='word_1_227' title='bbox 1185 4343 1229 4399; x_wconf 90' lang='lat' dir='ltr'>du</span> <span class='ocrx_word' id='word_1_228' title='bbox 1248 4347 1333 4400; x_wconf 88' lang='lat' dir='ltr'>Rieu</span> 
     </span>
     <span class='ocr_line' id='line_1_27' title="bbox 185 4433 1334 4508; baseline 0.003 -20"><span class='ocrx_word' id='word_1_229' title='bbox 185 4433 327 4491; x_wconf 86' lang='lat' dir='ltr'>Leidensis</span> <span class='ocrx_word' id='word_1_230' title='bbox 356 4434 524 4506; x_wconf 81' lang='lat' dir='ltr'>Gottingam</span> <span class='ocrx_word' id='word_1_231' title='bbox 552 4437 666 4492; x_wconf 80' lang='lat' dir='ltr'>mireum</span> <span class='ocrx_word' id='word_1_232' title='bbox 696 4439 748 4491; x_wconf 88' lang='lat' dir='ltr'>hac</span> <span class='ocrx_word' id='word_1_233' title='bbox 780 4437 979 4493; x_wconf 83' lang='lat' dir='ltr'>dissertatione</span> <span class='ocrx_word' id='word_1_234' title='bbox 1009 4438 1064 4492; x_wconf 90' lang='lat' dir='ltr'>ium</span> <span class='ocrx_word' id='word_1_235' title='bbox 1094 4437 1249 4508; x_wconf 84' lang='lat' dir='ltr'>composita</span> <span class='ocrx_word' id='word_1_236' title='bbox 1275 4438 1334 4508; x_wconf 85' lang='lat' dir='ltr'>ipse</span> 
     </span>
     <span class='ocr_line' id='line_1_28' title="bbox 182 4530 625 4602; baseline 0.002 -18"><span class='ocrx_word' id='word_1_237' title='bbox 182 4545 296 4600; x_wconf 80' lang='lat' dir='ltr'>quoque</span> <span class='ocrx_word' id='word_1_238' title='bbox 316 4530 433 4586; x_wconf 84' lang='lat' dir='ltr'>contuli.</span> <span class='ocrx_word' id='word_1_239' title='bbox 472 4530 512 4587; x_wconf 85' lang='lat' dir='ltr'>cf.</span> <span class='ocrx_word' id='word_1_240' title='bbox 532 4551 558 4602; x_wconf 91' lang='lat' dir='ltr'>p.</span> <span class='ocrx_word' id='word_1_241' title='bbox 582 4532 625 4586; x_wconf 83' lang='lat'>79.</span> 
     </span>
    </p>
   </div>
   <div class='ocr_carea' id='block_1_3' title="bbox 0 0 1614 5144">
    <p class='ocr_par' dir='ltr' id='par_1_4' title="bbox 0 0 1614 5144">
     <span class='ocr_line' id='line_1_29' title="bbox 0 0 1614 5144; baseline 0 0"><span class='ocrx_word' id='word_1_242' title='bbox 0 0 1614 5144; x_wconf 95' lang='lat' dir='ltr'> </span> 
     </span>
    </p>
   </div>
  </div>
 </body>
</html>
