3218 5144
847 363 888 424 24

295 536 422 613 licerit:
458 535 681 624 »vermittelst
709 535 973 628 eusserqroder·
999 535 1129 602 innerer
1158 535 1256 604 Sinne
1289 537 1445 612 desllle÷

298 667 373 721 sens
398 647 486 713 einer
509 645 613 712 Sache
635 646 709 711 inne
734 644 888 712 werden«.
924 646 1084 712 Paulatim
1108 652 1215 716 autem
1239 647 1362 733 factum
1386 651 1446 730 est,

299 763 349 836 ut,
384 775 453 822 curn
494 774 733 836 »cognoscere«
765 760 867 820 totam
900 754 1152 839 significationis,
1180 767 1258 822 suae
1294 759 1444 840 amplitu-

299 868 408 934 dinem'
435 870 601 949 tueretur,
639 881 862 946 ›agnoscere‹
895 883 965 930 earn
997 871 1120 930 tantum
1154 867 1370 946 cognitionem
1395 889 1446 934 ex·

297 979 470 1060 primeret,
509 995 591 1058 quae
625 994 695 1044 cum
728 981 816 1042 certo
853 975 959 1056 aliquo
992 975 1110 1042 iudicio
1145 976 1315 1044 coniuncta
1349 987 1445 1065 esset,

299 1087 384 1169 quod
406 1092 515 1152 utrum
537 1085 645 1150 verbis
678 1104 803 1167 quoque
827 1086 1049 1156 enuntiaretur
1080 1084 1212 1170 (activas
1236 1087 1445 1154 anerkeunen

301 1197 349 1263 als
373 1196 452 1278 dos,
476 1215 541 1262 uas
565 1215 599 1260 es
622 1197 666 1261 ist
689 1196 767 1262 oder
791 1197 861 1261 sein
884 1196 974 1278 soll«)
999 1214 1100 1260 necne
1124 1195 1256 1280 (tecnas
1282 1198 1445 1265 erkenneu

301 1307 351 1372 als
371 1306 440 1388 das,
464 1325 586 1372 usses
610 1308 680 1388 ist«,
704 1311 738 1371 et
760 1307 788 1371 si
809 1307 926 1372 iterum
948 1305 994 1390 fic,
1019 1307 1360 1390 »wiedererkennenq
1384 1330 1445 1376 non

302 1413 486 1478 interesset.
532 1410 620 1489 Quae
645 1431 713 1477 cum
738 1413 785 1476 ita
809 1412 890 1491 sint,
924 1413 988 1478 tria
1018 1418 1193 1494 apparent:
1228 1413 1384 1498 primum,
1419 1418 1447 1482 si

302 1520 481 1600 actioipsa
505 1518 650 1584 discendi
673 1520 879 1600 exprimenda
910 1520 971 1599 sit,
1004 1539 1100 1586 unum
1130 1539 1363 1602 »cognoscere«
1399 1524 1449 1589 lo-

303 1647 374 1694 cum
396 1626 534 1706 habere3
560 1628 688 1704 deinde,
712 1628 739 1692 si
763 1629 902 1708 cognitio
927 1647 996 1693 cum
1021 1633 1110 1694 certo
1133 1627 1251 1694 iudicio
1275 1629 1444 1698 coniuncta

301 1737 508 1820 exprimenda
531 1737 589 1816 sit,
625 1756 840 1818 »agnoscere«
865 1738 968 1802 locum
993 1737 1129 1817 habere,
1165 1742 1263 1818 atque
1284 1741 1441 1816 unumst

301 1847 345 1914 sit
367 1845 615 1924 vanerlrenueu«,
639 1864 708 1910 cum
726 1847 759 1927 ³si
779 1846 823 1910 sit
845 1846 1041 1917 »erkenuen«
1064 1852 1097 1912 et
1120 1845 1456 1924 »wiedererkennen«,

300 1971 341 2026 ne
362 1971 598 2034 >cognoscerer
624 1953 754 2036 quidem
776 1955 981 2035 excludatur3
1010 1962 1094 2038 tum,
1126 1956 1173 2024 eis
1202 1955 1297 2037 locis,
1327 1953 1440 2036 quibus

301 2063 343 2129 ed
365 2068 471 2128 utram
494 2060 763 2147 significationem
784 2065 945 2130 sententia
964 2065 1105 2144 inclinet,
1129 2065 1288 2130 incertum
1304 2061 1355 2141 sit,
1380 2063 1443 2145 alia

301 2169 500 2236 diiudicandi
522 2169 672 2236 subsidia
691 2169 875 2251 quaerenda
899 2190 981 2251 esse,
1003 2177 1040 2238 ut
1063 2178 1097 2238 et
1120 2191 1315 2240 communem
1329 2179 1366 2240 et
1381 2174 1444 2240 sin-

297 2280 448 2364 gulorum
476 2280 667 2361 scriptorum
701 2297 791 2344 usum
824 2280 975 2360 loquendi
1005 2288 1038 2346 et
1070 2280 1153 2360 alia,
1186 2300 1269 2363 quae
1302 2283 1366 2349 nisi
1394 2302 1444 2349 re,

298 2388 478 2469 ‚periantug
502 2386 655 2459 iudicium
680 2386 892 2453 cohibendum
917 2405 997 2452 esse.
1025 2386 1113 2458 ,Nam
1138 2396 1225 2455 suut
1236 2390 1307 2470 loci,
1332 2389 1447 2473 quibus

299 2515 353 2568 res
377 2498 503 2563 omnino
528 2496 699 2562 diiudicari
722 2515 783 2562 non
808 2497 929 2579 possit,
953 2496 1040 2560 velut
1064 2496 1176 2560 Cicero
1199 2496 1276 2562 Lac.
1301 2499 1318 2582 ς
1342 2504 1383 2563 86
1408 2498 1448 2563 de

301 2606 556 2672 academicorum
590 2608 753 2687 doctrina,
785 2626 848 2687 qua
870 2606 949 2670 nihil
972 2605 1069 2688 sciri,
1103 2604 1182 2668 nihil
1204 2606 1327 2687 percipi
1350 2609 1447 2690 posse

299 2715 483 2794 tradebant,
509 2733 609 2800 agens
626 2715 720 2780 dicit:
747 2713 873 2792 »uuida
896 2713 980 2779 siin
1003 2713 1147 2783 eiusdem
1169 2714 1255 2798 modi
1272 2731 1346 2778 cera
1371 2731 1446 2779 cen-

299 2829 367 2890 turn
383 2822 488 2905 sigilla
503 2821 563 2888 hoc
580 2823 674 2888 anulo
691 2822 896 2903 impressero,
920 2837 1038 2902 ecquae
1055 2821 1177 2902 poterit
1192 2821 1224 2886 in
1242 2824 1444 2904 agnoscendo

299 2949 373 2997 esse
397 2931 584 2998 distinctio?
608 2952 647 2997 an
664 2930 725 2995 tibi
743 2932 805 2996 erit
821 2931 1023 3011 quaerendus
1046 2931 1211 2996 anularius
1234 2931 1342 3016 aliqui,
1366 2952 1443 3016 quo·

300 3042 386 3106 niam
410 3043 616 3126 gallinarium
640 3041 790 3105 invenisti
805 3041 969 3104 Deliacum
989 3040 1089 3122 illum,
1113 3041 1167 3121 qui
1190 3061 1249 3107 ova
1273 3062 1446 3127 cognosce

298 3151 399 3216 reti«
447 3150 600 3216 Eiusdem
623 3149 698 3214 libri
729 3147 877 3212 conferas
904 3148 940 3230 ἐξ
965 3153 1023 3226 33;
1056 3153 1116 3228 46;
1142 3156 1200 3226 54,;
1224 3157 1281 3231 56;
1307 3159 1365 3237 583
1389 3160 1446 3233 84;

303 3263 444 3341 itemque
467 3259 503 3324 cle
523 3257 580 3338 [tlt.
605 3256 693 3322 1182
718 3273 789 3321 cum
805 3254 962 3338 Madvigii
985 3254 1192 3322 adnotatione
1216 3263 1249 3324 et
1272 3260 1367 3339 Vll,
1391 3267 1447 3341 423

304 3373 364 3448 433
387 3373 439 3432 44.

390 3479 542 3545 Ceterum
571 3474 635 3539 iam
667 3471 707 3540 ab
737 3472 878 3554 antiquis
907 3472 1127 3554 grammaticis
1151 3474 1191 3540 de
1213 3477 1339 3543 ratione
1361 3479 1448 3544 inter

304 3587 608 3672 »cognoscendum«¹
625 3589 658 3650 et
683 3583 970 3665 »agnoscendum«
1002 3583 1223 3651 intercedente
1247 3587 1446 3668 disputatum

305 3717 394 3781 esse,
428 3697 523 3765 docet
544 3694 684 3776 Nonius,
718 3692 765 3757 ed.
788 3693 864 3758 Luc.
888 3691 1015 3758 Miller.
1040 3694 1055 3758 l
1078 3713 1107 3774 p.
1132 3699 1194 3758 432
1220 3695 1297 3778 (276
1321 3697 1445 3782 Mero).

268 3827 270 3833 ’
306 3807 408 3873 Affert
430 3806 482 3872 hic
505 3811 573 3871 tres
595 3806 693 3883 locos,
719 3801 832 3884 quibus
858 3821 1087 3884 »cognoscere«
1108 3803 1192 3868 idem
1210 3809 1306 3886 atque
1331 3825 1447 3890 »agno-

304 3935 416 3984 scere«
442 3932 513 3981 esse
538 3913 626 3990 dicit,
651 3917 685 3978 et
707 3930 765 3977 suo
779 3911 865 3976 iure:
890 3910 986 3994 Verg.
1002 3911 1034 3975 in
1049 3911 1174 3978 Bucol:
1201 3912 1324 3997 »incipe
1348 3935 1448 3996 parve

303 4044 383 4108 puer
404 4025 472 4090 risu
496 4039 692 4108 cognoscere
715 4024 884 4086 matrem«.
908 4057 959 4091 -,
973 4020 1016 4084 M.
1041 4020 1163 4086 Tullius
1188 4021 1227 4087 de
1250 4042 1285 4088 re
1308 4023 1449 4105 publi:

305 4152 484 4220 »cognosce
507 4131 689 4199 mehercule
706 4130 970 4195 consuetudinem
986 4129 1081 4194 istam
1106 4136 1138 4195 et
1161 4131 1303 4200 studium
1326 4151 1448 4199 sermo

306 4262 473 4326 nemque«.
498 4280 539 4288 —
563 4241 668 4307 Varro
686 4237 891 4320 Sesquulixe:
917 4258 1059 4317 averem,
1083 4258 1123 4304 ne
1146 4260 1196 4305 me
1220 4260 1354 4326 quoque,
1376 4262 1448 4333 cum

303 4353 433 4427 domum
462 4350 504 4416 ab
525 4349 586 4415 llio
615 4348 718 4414 coxim
746 4352 928 4424 revertero,
970 4352 1101 4429 praeter
1131 4365 1242 4412 canem
1274 4358 1451 4434 cognoscat

304 4481 427 4530 nemo«.
447 4497 489 4509 -
511 4459 626 4524 Plures
642 4456 764 4523 similes
780 4455 867 4521 locos
879 4453 1156 4539 Naegelsbachius
1167 4456 1239 4524 Lat.
1255 4457 1324 4523 Stil.
1337 4477 1369 4540 p.
1386 4464 1449 4525 447

307 4571 449 4658 collegit,
473 4569 536 4659 etsi
559 4586 630 4634 eum
653 4584 716 4634 non
739 4565 778 4630 de
803 4561 947 4630 omnibus
969 4568 1057 4629 recte
1080 4562 1223 4630 iudicare
1246 4570 1332 4646 puto.
