3218 5144
716 383 752 443 51

251 563 341 626 830:
378 555 525 638 quicum
561 553 616 637 ad]
641 550 811 634 B²(V²·³)‚
841 553 894 634 qui
933 552 1015 634 quod
1049 552 1091 619 ad
1115 550 1311 619 AB¹0PV¹.

248 673 288 732 87
301 695 329 738 m
348 686 355 730 :
379 665 489 730 saluos
505 699 530 710 —
546 668 587 728 88
601 691 627 731 m
649 661 795 744 Herculi]
811 681 868 728 om.
882 660 939 743 13¹,
962 661 1063 742 suppl.
1078 659 1136 741 B’,
1151 660 1207 726 sed
1220 661 1310 727 uerbo

158 776 330 860 quisquam
356 773 479 840 omisso.

250 884 393 963 Quarum
416 883 652 964 scripturorum
676 882 821 964 quamvis
843 881 962 947 multas
995 881 1092 946 etiam
1126 881 1310 947 coniectura

160 997 297 1063 inveniri
320 992 465 1075 potuisse
488 991 590 1076 dices,
614 997 722 1056 tomen
747 989 892 1071 reliquae
916 993 1019 1073 erunt,
1043 1007 1124 1072 quos
1148 1007 1186 1054 ex
1201 989 1311 1056 codice

159 1105 296 1171 haustas
321 1119 393 1167 esse
416 1100 468 1164 vix
492 1100 662 1181 quisquam
685 1105 794 1182 neget.

248 1212 367 1279 Restat
390 1227 562 1292 exponere,
599 1207 756 1290 quomodo
781 1205 830 1272 B2
854 1225 889 1272 se
923 1204 1042 1272 hebeat
1073 1207 1105 1271 in
1140 1206 1309 1273 tradendis

160 1314 308 1383 versibus
348 1313 493 1392 Arateis,
527 1313 580 1377 lib.
629 1313 672 1377 ll·
696 1317 920 1380 10420-1142
954 1318 988 1377 ei
1025 1316 1159 1382 159sr-c·
1206 1312 1309 1377 Mani-

163 1425 281 1492 festum
323 1430 432 1490 autem
467 1428 535 1500 est,
578 1441 648 1487 eum
690 1430 747 1487 aut
781 1420 850 1488 eius
884 1421 1004 1488 fontem
1045 1441 1084 1486 ex
1116 1424 1309 1488 Arateorum

162 1533 269 1616 aliquo
294 1534 404 1599 codice
427 1531 591 1613 complura
614 1531 786 1612 recepisse.
826 1530 889 1597 Sed
912 1532 1055 1612 singulos
1071 1536 1199 1614 oportet
1221 1537 1308 1598 trac·

162 1647 267 1708 temus
290 1643 387 1708 locos.

253 1758 355 1821 1072:
391 1751 579 1834 »Opstipum
610 1757 706 1833 caput
731 1770 768 1816 ac
802 1752 899 1816 tereti
932 1749 1107 1834 (Kloteius,
1142 1756 1177 1817 at
1211 1751 1308 1816 tereti

168 1859 369 1946 Madvigius,
401 1861 519 1926 atereti
543 1861 590 1938 Z,
625 1859 680 1924 sed
702 1859 737 1923 io
761 1858 795 1922 B
818 1865 928 1925 eorm
958 1879 996 1924 ec
1030 1859 1154 1944 steriti)
1186 1860 1309 1927 cervice

252 1969 402 2036 rollenum

256 2077 405 2159 Optutum
428 2081 461 2143 in
486 2079 588 2144 cauda
613 2078 744 2143 maioris
767 2075 865 2160 figere
888 2078 1005 2144 dicas«

168 2184 214 2250 Of.
240 2188 327 2252 Aret.
352 2188 471 2255 Phaon.
497 2193 555 2254 58:

237 2295 352 2374 ’λοξὸν
376 2296 491 2364 δ’ἐστὶ
514 2298 610 2382 κάρη,
633 2298 767 2363 νεύονττ
791 2294 828 2362 δὲ
851 2296 988 2380 πάμπαν
1011 2297 1119 2361 ἔοικεν

252 2406 358 2490 ἄκρην
380 2409 427 2484 εἰς
446 2407 584 2491 Ἑλίκης
607 2408 723 2492 οὕρην,
745 2407 832 2491 μάλα
853 2412 922 2473 κτλ.

253 2533 302 2600 B²
325 2537 486 2602 correxit:
511 2539 589 2604 »nst
612 2537 715 2619 ipsum
740 2542 837 2620 caput
860 2537 977 2603 atereti
1001 2537 1125 2604 cervice
1157 2537 1310 2605 reflexum

163 2663 192 2711 e.
217 2663 246 2728 q.
271 2663 314 2711 s«
359 2647 441 2726 Quin
465 2648 546 2713 haec
569 2647 612 2713 sit
637 2647 742 2712 audax
777 2647 971 2730 coniectura,
1005 2653 1072 2712 tum
1105 2647 1204 2726 fecta,
1238 2667 1309 2714 oum

164 2773 220 2820 em
246 2773 303 2820 »ac
327 2757 442 2821 tereti«
466 2757 500 2821 in
524 2776 560 2822 »a
584 2757 694 2835 tereti,
718 2757 854 2821 atereth<
879 2761 1062 2838 corruptum
1085 2756 1193 2840 luerit,
1217 2757 1309 2824 dubi·

67 2910 70 2914 ·
161 2883 216 2930 um
239 2881 301 2928 non
326 2871 384 2942 est,
408 2884 512 2948 neque
536 2873 643 2932 tamen
667 2867 769 2948 ipsius
786 2863 834 2930 B2
856 2865 986 2950 ingenio
1009 2883 1081 2931 eam
1105 2865 1226 2946 deberi,
1251 2867 1309 2934 scd

162 2974 301 3040 aliunde
316 2980 475 3057 sumptam
502 2995 574 3042 esse
598 2982 685 3060 puto,
708 2995 779 3041 nem
805 2975 831 3040 si
855 2975 925 3056 ipse
942 2976 1142 3059 coniecisset,
1166 2995 1206 3042 ne
1222 2983 1308 3043 »nte-

164 3083 244 3149 reti«
267 3084 395 3166 quidem
418 3087 633 3152 incorrectum
658 3087 851 3167 reliquisset.
872 3122 915 3131 -

255 3199 376 3263 108802
400 3196 524 3278 »Atque
547 3197 628 3262 haec
652 3195 781 3279 quidem
804 3215 823 3260 a
846 3200 951 3280 tergo,
975 3199 1108 3278 propter
1132 3200 1229 3276 caput
1252 3212 1308 3259 au·

172 3305 236 3365 tem
259 3305 498 3386 Anguitenens:

252 3411 352 3490 Quem
378 3412 464 3476 clero
490 3412 664 3495 perhibent
686 3413 887 3495 Ophiuchum
910 3413 1037 3480 nomine
1062 3413 1178 3480 Graii«

249 3543 299 3608 13²
329 3550 363 3608 et
395 3541 441 3605 Α2
473 3551 682 3610 correxerunt
705 3544 1001 3626 »Anguitenentis«.
1048 3543 1118 3609 Hoc
1141 3563 1179 3609 cn
1213 3563 1307 3610 versu

164 3659 329 3734 sumptum
345 3671 417 3717 esse
442 3653 505 3717 iem
523 3652 617 3738 Hugo
633 3653 766 3719 Grotius
783 3654 894 3732 sensit,
918 3672 989 3718 cum
1010 3652 1175 3719 Ciceronis
1187 3656 1308 3721 Aratea

160 3761 316 3841 supplens
340 3779 469 3827 versum
494 3766 533 3826 76
558 3769 710 3842 poneret:

252 3863 369 3931 »Juxta
392 3868 543 3932 humeros
558 3866 685 3932 Sertum
704 3872 770 3935 est:
794 3873 929 3949 propter
942 3871 1039 3948 ceput
1051 3867 1306 3951 Anguitenentis,

268 3972 368 4051 Quem
393 3978 481 4045 claro
506 3994 585 4058 eq.
611 3995 653 4043 s«
1044 3975 1098 4062 (sc.
1123 3983 1221 4061 caput
1244 3983 1307 4055 est)

164 4078 215 4144 cf.
242 4081 329 4149 hrat.
354 4085 472 4151 Phaon.
497 4091 558 4150 74:

250 4213 358 4299 Νώτῳ
380 4213 442 4299 μὲν
466 4215 642 4302 Στέφανος
665 4218 779 4284 occidet
801 4223 929 4304 κεφαλῇ
950 4241 988 4302 γε
1011 4213 1073 4302 μὲν
1094 4217 1178 4302 ἄκρῃ

248 4319 387 4389 σκέπτεο
406 4326 472 4412 πὰρ
497 4328 648 4412 κεφαλὴν
666 4326 873 4412 Ὀφιούχεον
895 4332 963 4393 κτλ.

192 4458 194 4462 ’
250 4451 316 4519 Nos
349 4453 431 4522 hano
465 4458 633 4526 lectionem
668 4459 755 4526 nullo
792 4460 885 4525 modo
917 4458 1120 4543 recipiemus,
1155 4456 1214 4522 sed
1247 4474 1308 4520 uon

162 4560 257 4629 abest
280 4563 422 4646 suspicio
446 4576 646 4636 correctores
670 4568 717 4632 Α2
742 4576 774 4634 et
799 4569 857 4649 Bi,
882 4569 932 4634 vel
955 4587 1065 4635 eorum
1100 4567 1230 4648 iontem,
1256 4584 1308 4632 co·

1034 4674 1078 4738 4*
