3218 5144
842 291 881 352 38

287 464 364 528 mibi
388 463 525 530 videtur.
571 461 694 529 Deinde
723 460 765 525 Va
787 480 848 527 non
873 460 943 527 sine
966 478 1064 527 causa
1087 459 1321 526 coniecturam
1350 460 1464 539 temp·
1581 440 1582 467 ¹

288 572 380 652 tavit,
404 591 478 636 nam
502 569 613 636 durius
637 575 697 653 est,
721 568 805 636 idem
830 575 863 634 et
885 588 981 635 urium
1008 587 1083 635 »se«
1109 568 1149 634 ad
1167 573 1362 650 utrumque
1388 583 1466 631 ver·

288 675 363 742 bum
379 675 504 743 referri.
538 676 679 759 Accedit,
697 676 780 759 quod
800 694 855 742 »se
873 676 1030 742 dilatare«
1049 674 1134 756 apud
1152 673 1362 740 Ciceronem
1381 691 1463 739 nue-

290 785 565 868 quaminvenitur,
577 786 635 851 sed
649 785 965 868 semperndilataric,
979 784 1017 851 cf.
1036 785 1073 848 de
1085 789 1152 848 nat.
1169 784 1258 848 deor.
1277 783 1314 847 II
1338 787 1465 863 135m3

290 895 329 958 de
341 896 399 977 pia.
420 895 468 960 ΙΙΙ
480 901 521 961 48
531 916 575 975 ³43
599 894 637 958 de
652 915 715 976 rep.
732 895 776 961 IV
792 899 864 973 222,
888 894 941 961 ubi
966 913 1076 960 omnes
1100 893 1230 959 codices
1257 911 1319 958 »se
1346 893 1463 978 gloria

291 1003 420 1070 dilatari
442 1005 536 1070 velit«
559 1003 680 1071 habent
703 1011 835 1088 praeter
862 1005 1029 1088 Tlcpcrns,
1057 1023 1136 1068 succ.
1164 1002 1267 1086 XII),
1310 1003 1370 1084 qui
1405 1021 1460 1068 »se

290 1113 392 1193 gloria
416 1111 556 1178 dilatare
580 1112 673 1177 velit«
696 1110 842 1195 praebet,
867 1112 950 1194 quod
963 1111 1110 1177 Halmius
1127 1109 1209 1176 falso
1235 1113 1388 1194 recepit.
1417 1149 1458 1158 —

381 1226 439 1284 147
450 1241 494 1290 ae:
518 1221 663 1299 »Quanta
686 1222 821 1303 primum
846 1221 1077 1302 intellegentia,
1103 1220 1219 1286 deinde
1238 1239 1458 1304 consequen-

292 1329 371 1394 tium
394 1347 502 1394 rerum
526 1349 594 1394 cum
618 1329 731 1412 primis
755 1330 935 1400 coniunctio
960 1335 992 1395 θῖ
1016 1329 1262 1411 comprehensio
1287 1335 1400 1396 ,esset
1425 1330 1458 1394 in

292 1436 393 1515 nobis,
429 1457 467 1503 ex
503 1457 564 1520 quo
599 1439 751 1504 videlicet
774 1438 923 1522 (Acris,
960 1439 1104 1504 videmus
1128 1437 1254 1522 BFM)
1294 1440 1378 1522 quid
1417 1457 1463 1504 ex.

291 1541 470 1625 quibusque
503 1543 599 1610 rebus
622 1543 782 1610 efficiatur
803 1545 899 1628 idque
923 1545 1049 1610 ratione
1079 1542 1255 1630 (BOFM²‚
1283 1546 1458 1611 rationem

291 1652 458 1734 AM¹PV3
484 1653 522 1735 cs.
546 1655 593 1718 Ill
610 1661 672 1724 85⁶
696 1656 821 1720 rationne
845 1656 998 1738 quadam]
1021 1655 1179 1721 rationem
1203 1674 1256 1737 qu.
1285 1655 1453 1732 A¹B¹V¹l

294 1762 521 1845 concludimus,
547 1782 573 1828 θ.
595 1783 622 1845 q.
648 1783 689 1829 s«

381 1873 484 1938 Locus
507 1873 554 1938 ita
577 1878 613 1939 ut
636 1873 743 1942 editur
766 1891 863 1939 sanus
887 1892 948 1938 non
979 1878 1049 1940 est:
1078 1892 1182 1955 neque
1213 1871 1320 1939 verba
1355 1872 1454 1956 »quid

296 2001 334 2046 ex
369 1980 548 2062 quibusque
583 1978 679 2045 rebus
721 1977 898 2045 efficiatur«
933 1999 971 2044 ex
1007 1978 1260 2044 »concludimus«
1302 1978 1454 2062 pendere

294 2096 437 2173 possunt,
468 2127 499 2137 —
527 2110 599 2173 nam
624 2110 695 2156 cum
726 2109 882 2172 nusquam
917 2088 1142 2154 »concludere«
1174 2106 1243 2152 cum
1277 2086 1451 2154 sententia
1581 2094 1582 2117 ¹

287 2201 526 2282 ,interrogativa
550 2221 568 2265 a
593 2199 745 2266 Cicerone
770 2198 985 2282 coniungitur,
1006 2202 1074 2262 tum
1091 2195 1345 2276 »concludimus
1371 2191 1447 2276 quid

296 2310 470 2377 efficiatur«
483 2329 616 2392 prorsus
640 2308 812 2375 absurdum
830 2312 880 2372 est
905 2344 945 2353 —
968 2324 1072 2387 neque
1085 2305 1214 2386 »idque«
1237 2299 1312 2368 »καὶ
1325 2310 1450 2367 rubra«

299 2437 370 2484 esse
393 2423 511 2499 potest.
558 2418 668 2480 Altero
702 2415 805 2498 igitur
838 2411 935 2478 verbo
970 2431 1051 2494 opus
1086 2418 1150 2496 est,
1180 2413 1264 2478 unde
1301 2415 1450 2498 pendeat

296 2527 458 2595 sententia
481 2525 538 2591 ille
561 2522 803 2605 interrogativa,
829 2521 912 2604 quod
936 2519 1072 2602 praebet
1095 2521 1187 2588 nobis
1211 2523 1255 2606 B,
1283 2531 1319 2591 et
1352 2540 1448 2590 nemo

295 2639 354 2703 boc
380 2637 449 2701 loco
473 2633 660 2712 offenderet,
684 2631 745 2696 nisi
770 2651 789 2696 a
812 2628 976 2696 codicibus
993 2631 1106 2699 classis
1123 2656 1144 2696 α
1161 2632 1238 2698 illud
1255 2635 1449 2701 »videlicet«

295 2745 387 2811 nobis
418 2743 589 2809 offerretur
620 2740 896 2822 suspicionemque
920 2745 1073 2814 moveret,
1099 2741 1197 2806 etiam
1230 2744 1451 2828 archetypum

296 2855 480 2921 »videlicet«
501 2849 653 2918 habuisse
688 2857 720 2915 et
755 2849 896 2914 codicem
919 2848 954 2912 B
983 2849 1043 2932 (vel
1067 2853 1101 2933 β)
1134 2850 1357 2920 coniecturam
1392 2870 1448 2935 po·

298 2965 411 3029 suisse.
458 2961 520 3026 Sed
544 2961 604 3024 hoc
628 2967 685 3024 aut
720 2979 757 3023 ex
780 2957 862 3022 falso
886 2958 970 3022 lecto
994 2956 1091 3022 verbo
1123 2959 1301 3026 »ridemus«
1339 2967 1446 3028 ortum

296 3089 367 3137 esse
391 3073 509 3151 potest,
534 3105 572 3115 -
599 3073 633 3131 et
656 3066 851 3147 compendiis
884 3065 1005 3146 scripta
1035 3065 1115 3130 baec
1145 3067 1244 3134 verba
1276 3070 1445 3138 simillima

297 3183 389 3243 erant
416 3214 454 3222 -
481 3180 537 3239 aut
560 3174 695 3256 aliquis,
718 3173 772 3254 qui
795 3172 878 3238 hunc
900 3171 1015 3238 librum
1039 3173 1129 3258 legit,
1153 3194 1223 3240 cum
1253 3184 1347 3246 recte
1381 3178 1443 3243 »vi-

299 3287 426 3352 demus«
449 3284 509 3350 boc
534 3286 602 3349 loco
627 3283 860 3365 quodammodo
885 3281 1024 3366 δυνάμει
1048 3289 1173 3351 tanturn
1205 3306 1266 3352 non
1290 3285 1444 3372 ἐνεργείᾳ

297 3395 436 3480 positum
462 3413 533 3460 esse
557 3393 723 3476 sensisset,
746 3392 874 3457 »videre
903 3391 997 3458 licet«
1031 3395 1277 3479 superscripsit,
1313 3397 1444 3478 quoda

296 3505 328 3569 in
352 3502 545 3582 »videlicet«,
569 3520 651 3585 quae
675 3501 826 3566 usitatior
849 3500 879 3565 ei
902 3506 973 3566 erat
996 3500 1108 3582 forma,
1134 3510 1332 3572 contractum
1351 3523 1440 3572 rece·

297 3611 355 3692 pit.
399 3612 516 3692 ltaque
541 3628 622 3691 quae
646 3609 681 3672 Β
703 3606 839 3690 praebet
862 3607 1032 3675 scribenda
1056 3617 1147 3677 sunt:
1181 3631 1237 3678 »cx
1259 3632 1321 3696 quo
1353 3612 1441 3680 uide·

296 3739 377 3799 mus,
401 3720 476 3802 quid
501 3739 539 3784 ex
562 3717 740 3802 quibusque
763 3716 861 3783 rebus
884 3716 1051 3800 efficiatur,
1083 3720 1179 3802 idque
1209 3722 1334 3788 ratione
1367 3740 1440 3787 cone

297 3829 480 3909 cludimus«,
505 3835 670 3910 »vermbge
693 3827 809 3894 dessen
844 3827 899 3892 wir
932 3827 1043 3908 seben,
1077 3847 1142 3894 was
1177 3829 1246 3896 sich
1281 3851 1339 3898 aus
1370 3832 1439 3914 jeg-

297 3937 412 4002 lichem
435 3936 562 4021 folgern
586 3937 668 4004 lbsst
690 3936 755 4002 und
785 3935 893 4001 dieses
925 3934 1009 4000 dann
1040 3937 1088 4002 als
1122 3936 1285 4019 logischen
1309 3938 1439 4004 Schluss

297 4044 533 4124 formulierenc,
556 4065 629 4111 nam
652 4046 713 4111 hoc
737 4050 789 4110 est
810 4045 952 4110 »ratione
977 4045 1200 4126 concluderec3
1225 4047 1265 4112 cf.
1281 4048 1358 4113 Luc.
1380 4049 1438 4112 26:
1535 4029 1536 4032 ¹

298 4155 505 4238 »Argumenti
529 4155 700 4236 conclusio,
725 4173 808 4236 quae
839 4158 889 4218 est
920 4172 1038 4238 graece
1071 4152 1248 4235 ἀπόδειξις,
1282 4156 1330 4222 ita
1362 4151 1439 4222 defi·

296 4263 403 4328 nitur:
427 4259 618 4350 1·atio[,[quae
643 4281 681 4328 ex
704 4260 802 4327 rebus
824 4263 987 4342 perceptis
1011 4261 1052 4326 ad
1075 4260 1107 4325 id
1132 4262 1215 4342 quod
1244 4282 1305 4328 non
1338 4261 1438 4348 perci-

295 4367 456 4453 piebatur,
480 4369 638 4448 adducit«,
672 4375 705 4434 et
736 4369 774 4433 cic
795 4371 854 4450 fin.
880 4369 928 4434 lll
965 4374 1026 4435 27:
1063 4367 1320 4438 »concluduntur
1344 4371 1443 4458 igitur

300 4481 619 4558 eorumargumenta
645 4476 711 4540 sic:
738 4474 828 4554 Quod
854 4479 905 4541 est
920 4473 1047 4554 bonum,
1073 4493 1164 4542 omne
1188 4475 1350 4544 laudabile
1373 4479 1441 4542 est:
