3218 5144
899 343 940 402 44

361 587 363 594 χ
437 513 581 596 Apparet
602 512 655 578 hic
681 509 858 596 hhrarium,
880 511 945 594 qui,
969 530 1042 578 cum
1062 511 1130 578 iam'
1152 508 1411 578 adfinemlihri
1435 529 1510 594 pro·

348 629 490 706 peraret,
512 623 617 688 minus
642 626 788 688 attentus
821 627 919 701 esset,
954 621 1118 703 complure
1149 618 1200 686 bis
1229 620 1381 702 posuisse
1408 626 1510 702 atque

350 732 449 799 etiam
483 731 582 798 »cito«
615 731 695 797 nihil
737 749 809 798 csse
850 730 913 798 nisi
952 729 1107 815 syllabam
1143 730 1222 797 »cit«
1257 729 1348 796 uerbi
1391 731 1508 798 »adve-

350 837 538 920 spernacus«

438 944 659 1027 Coniecturae,
691 962 773 1025 quae
805 942 838 1009 in
862 941 911 1008 B¹
944 941 1159 1026 inveniuntur,
1194 959 1305 1008 omnes
1340 940 1508 1010 eiusmodi

350 1059 436 1138 sunt,
466 1061 503 1122 ut
531 1054 672 1140 genuina
701 1053 753 1120 vix
784 1051 1013 1132 obscurentur,
1045 1051 1104 1118 scd
1135 1051 1231 1118 facile
1265 1056 1509 1134 cognoscantur

351 1163 397 1230 el.
421 1181 450 1230 e.
472 1175 540 1248 gu:

437 1271 452 1336 Ι
476 1273 536 1340 le:
559 1271 661 1350 »Quid
691 1276 743 1337 est
774 1269 859 1336 enim
889 1269 1075 1339 temeritate
1107 1268 1237 1352 turpius
1266 1267 1404 1351 (sorcius
1430 1267 1506 1346 BF,

351 1380 469 1448 lortius
493 1380 544 1461 M,
568 1404 589 1446 u
610 1378 708 1464 deest)
733 1385 791 1446 aut
813 1379 888 1461 quid
914 1397 939 1444 e.
964 1397 994 1461 q.
1019 1397 1063 1445 s«

439 1489 623 1554 Mirandum
652 1495 713 1567 est,
745 1488 829 1571 quod
852 1485 890 1553 F.
914 1489 951 1553 A.
974 1485 1109 1556 Wolflus
1142 1485 1315 1569 aliquando
1348 1485 1505 1552 »fortius«

352 1598 557 1665 retinendum
580 1616 652 1665 esse
676 1597 851 1664 contendit.
896 1597 1034 1663 Praeter
1055 1596 1158 1663 Acod.
1182 1595 1261 1661 145
1286 1599 1320 1661 et
1342 1594 1428 1662 Luc.
1452 1599 1503 1674 66,

355 1725 438 1791 quae
461 1708 612 1774 Baiterus
636 1708 757 1788 attulit,
782 1706 820 1772 cl.
846 1706 943 1772 etiem
967 1705 1006 1770 de
1029 1705 1092 1771 diu.
1115 1705 1130 1771 l
1154 1711 1190 1772 7:
1214 1705 1313 1770 »Nam
1337 1723 1415 1771 cum
1439 1722 1503 1771 om·

351 1815 445 1883 nibus
468 1817 500 1880 in
523 1815 621 1882 rebus
644 1815 812 1881 temeritas
834 1814 867 1880 in
891 1815 1102 1882 adsentiendo
1132 1833 1286 1897 errorque
1308 1813 1421 1896 turpis
1445 1817 1502 1890 est,

353 1934 421 1992 tum
445 1945 472 1992 e.
496 1945 526 2008 q.
551 1944 597 1991 s«
642 1923 783 1990 Facilius
807 1931 925 2004 autem,
950 1942 1046 2007 quam
1068 1929 1174 2006 putes,
1204 1923 1260 1988 illa
1292 1921 1398 1988 verba
1430 1941 1500 1987 eon-

352 2033 579 2119 luudabantur,
614 2034 653 2100 cf.
678 2035 710 2099 11
735 2037 795 2099 127
808 2053 855 2103 rc:
876 2030 1000 2120 stirpe]
1034 2033 1119 2100 forte
1144 2031 1178 2098 0.
1202 2033 1364 2112 Ceterum,
1396 2038 1502 2099 utrum

353 2143 431 2210 aB
456 2144 583 2210 demum
607 2143 757 2209 »fortius«
791 2162 830 2208 ex
865 2144 1026 2225 »turpius«
1060 2147 1248 2224 corruptum
1280 2143 1334 2224 sit,
1365 2161 1409 2208 an
1442 2141 1500 2206 iam

353 2250 385 2316 in
419 2252 595 2336 archetypo
624 2251 731 2333 fuerit,
765 2271 835 2318 cum
868 2275 889 2316 α
918 2269 1051 2334 prorsus
1084 2251 1179 2332 desit,
1213 2257 1303 2318 certo
1337 2251 1427 2317 scire
1451 2266 1500 2312 ne·

356 2361 491 2444 quimus.
535 2359 537 2364 ’

441 2469 472 2533 ΙΙ
496 2474 594 2536 592⁶:
617 2487 675 2533 nec
700 2466 912 2551 cessantium]
937 2465 1003 2550 CV,
1027 2467 1264 2534 necessantium
1280 2464 1324 2545 A,
1348 2485 1415 2532 non
1438 2478 1498 2530 cca·

358 2577 499 2644 santium
523 2576 641 2642 BFM.

442 2692 536 2755 9619:
573 2686 801 2771 Aetnaeorum]
836 2685 1044 2752 ethnaeoruur
1074 2688 1117 2764 A,
1150 2691 1285 2751 aeterna
1317 2701 1430 2750 eorum
1453 2676 1497 2744 B¹

361 2797 529 2882 (antecedit
551 2797 748 2878 eruptione),
772 2796 1003 2862 aethereorum
1026 2792 1116 2874 ΒΨ,
1140 2795 1305 2860 aethneor.
1330 2791 1403 2859 OF.

340 2966 345 2974 .
445 2911 561 2974 lsslue:
593 2905 715 2990 generi,
740 2905 787 2970 eis
817 2904 956 2986 denique
986 2901 1133 2969 omnibus
1164 2902 1229 2982 OV,
1253 2901 1435 2983 iisdemque
1457 2893 1495 2972 A,

357 3011 518 3093 iidemque
543 3011 601 3094 13¹,
632 3012 799 3093 isdemque
823 3008 914 3092 Bm,
945 3009 1133 3091 hisdemque
1158 3008 1208 3091 M,
1238 3008 1267 3074 is
1300 3007 1440 3090 denique
1461 2999 1497 3066 P.

442 3119 490 3186 Ill
516 3127 550 3184 ll
565 3139 599 3186 s:
623 3117 782 3206 homines]
806 3139 867 3184 non
891 3118 1036 3183 nomines
1059 3117 1118 3183 131.

446 3233 538 3296 302o:
563 3228 642 3292 nihil
667 3233 755 3294 esset
778 3246 922 3308 cereum,
954 3226 1037 3307 quod
1069 3225 1260 3292 commutari
1291 3243 1352 3290 nou
1378 3214 1497 3307 posset]

356 3341 479 3409 certum
502 3335 611 3402 hahuit
633 3333 915 3420 crederepossum
938 3353 996 3400 om.
1021 3333 1078 3398 13¹.

446 3447 613 3513 Postremo
636 3465 731 3513 unum
749 3445 919 3528 glossema,
942 3443 1027 3526 quod
1050 3443 1099 3510 B¹
1115 3444 1200 3510 inter
1216 3441 1381 3510 Ciceronis
1405 3432 1496 3505 verba

235 3624 239 3629 ,
355 3561 520 3638 receptum
542 3554 698 3639 praebet:
758 3553 760 3558 ’

443 3667 459 3732 Ι
483 3671 577 3734 5834:
603 3665 642 3730 de
666 3664 825 3731 familiare
847 3664 904 3730 illo
919 3661 987 3750 tuo]
1010 3660 1112 3745 Aur,
1136 3662 1176 3727 de
1200 3660 1283 3728 lucio
1307 3675 1418 3726 crasso
1440 3654 1492 3735 (gr.

358 3776 420 3860 13¹)
444 3776 499 3842 illo
522 3775 676 3841 familiari
699 3780 755 3840 tuo
772 3771 890 3853 BFM,

445 3884 625 3950 certissime
658 3883 723 3949 iam
752 3882 790 3947 ¹in
829 3883 1005 3965 archetypo
1042 3880 1105 3947 luit
1149 3886 1182 3947 et
1217 3877 1257 3946 ab
1291 3902 1312 3942 α
1351 3873 1495 3946 omissum

360 3999 420 4060 est.
474 3993 624 4058 Ceterum
658 3991 698 4058 dc
731 3993 791 4060 hoc
825 3990 896 4058 loco
929 3991 1131 4058 accuratiore
1166 3986 1384 4071 disputatione
1423 3991 1497 4062 opus

359 4107 419 4185 cst,
443 4120 557 4166 vereor
580 4099 674 4180 enim,
697 4119 910 4183 aequaeuam
932 4099 977 4167 sit
1001 4099 1195 4183 corruptela,
1219 4096 1324 4164 adhuc
1340 4090 1497 4180 cognitum

361 4230 424 4276 non
447 4211 500 4277 sit.

446 4313 651 4381 Videmus
673 4315 813 4398 igitur
835 4314 1026 4382 codicem
1051 4310 1098 4378 B¹
1133 4309 1406 4376 audaciorem
1428 4313 1496 4384 pr⁰

361 4425 573 4512 genuinis
612 4423 759 4492 uerbis
794 4425 1080 4491 coniecturam
1112 4421 1180 4488 uix
1222 4435 1390 4503 usquam
1430 4425 1495 4492 po·

362 4535 515 4617 suisse,
538 4534 611 4601 sed
635 4534 783 4602 multis
806 4533 924 4620 locis,
949 4529 1100 4615 quibus
1121 4529 1307 4598 alterius
1330 4513 1496 4614 senario
