3218 5144
700 369 738 428 79

249 539 417 605 Postremo
448 537 482 603 id
516 536 635 603 addere
667 555 808 620 possum,
841 536 927 600 idem
961 536 1129 621 iudicium,
1162 538 1246 619 quod
1270 541 1302 603 in

162 646 254 713 libris
278 648 455 712 denatura
479 647 606 712 deornm
636 646 676 712 de
712 646 822 714 codice
845 645 895 710 B¹
917 644 1098 712 faciendum
1126 663 1198 713 esse
1230 667 1304 733 cog-

163 757 319 836 uoviruue,
343 757 440 822 eliam
467 755 500 820 in
534 753 626 820 libris
658 754 695 820 de
725 754 920 820 divinatione
952 760 985 819 et
1016 753 1054 817 dc
1085 755 1153 836 (nlo
1185 756 1304 821 valere.

165 865 247 932 Nam
272 884 344 931 eum
366 883 467 947 nuper
489 865 560 946 ipse
584 883 655 930 eum
688 863 867 930 conferrem
897 861 1130 944 lectionemque
1161 864 1240 942 eius,
1270 870 1306 929 ut

163 974 335 1057 aliquando
359 973 479 1056 publici
503 974 582 1039 iuris
605 970 715 1052 fieret,
748 991 843 1055 quam
873 971 1116 1038 accuratissime
1148 979 1305 1054 notarem,

164 1082 196 1147 in
221 1083 332 1166 queris
355 1082 431 1148 lolio
456 1081 659 1164 prueslautiu
683 1081 750 1148 eius
775 1083 884 1146 eluxit.
930 1081 975 1146 Ut
1002 1087 1110 1146 autem
1142 1081 1193 1147 hic
1215 1081 1305 1148 nobi-

168 1187 309 1254 lissimus
333 1189 428 1254 testis
453 1194 518 1254 lum
542 1187 597 1253 diu
621 1205 659 1252 eu
676 1205 738 1270 qua
755 1171 872 1271 dignus
890 1192 941 1252 est
957 1187 1151 1252 auctoritate
1168 1195 1304 1269 cureret,

164 1296 253 1361 nulla
277 1297 342 1362 ulia
367 1315 472 1363 cauea
506 1295 627 1362 factum
662 1302 713 1362 est
744 1297 805 1360 nisi
840 1295 1042 1378 neglegentia
1073 1295 1306 1378 philologorunr

165 1403 220 1486 qui
244 1424 314 1471 eum
339 1406 554 1487 contulerunt,
578 1425 660 1488 quae
685 1425 736 1470 res
760 1407 875 1475 iteruin
900 1424 957 1472 nos
989 1405 1163 1471 admouere
1198 1406 1305 1485 debet,

116 1553 118 1558 ,
163 1533 204 1578 ne
220 1515 263 1610 lin(
285 1515 377 1579 domo
402 1501 750 1600 aedificanda'fnsligia
766 1517 855 1598 prius
871 1535 965 1598 quarn
982 1514 1191 1583 fundamenta
1207 1536 1306 1600 pona:

161 1640 307 1706 munire
332 1624 373 1687 ad
396 1629 540 1690 velerum
563 1623 663 1690 libres
687 1623 902 1690 recensendos
935 1625 1179 1708 eggr·edinrnu1·,‘
1202 1625 1311 1706 prius:

165 1721 260 1816 duam
284 1733 410 1822 cedices
434 1740 561 1824 nocitus
585 1717 678 1817 quani
702 1735 945 1822 accuralissime
969 1735 1212 1800 excusserimns.
1307 1716 1312 1788 '-
