3218 5144
767 433 805 493 15

212 610 319 677 locum
348 604 598 689 intellegendum
631 621 703 670 esse
719 583 720 588 ¹
736 606 825 685 puto.
872 598 935 668 Sed
960 597 1141 682 Madvigius
1173 596 1358 680 proposuit:

212 717 298 784 »Nec
321 723 431 783 tumen
454 715 558 795 video,
583 711 741 794 quomodo
767 729 829 776 non
854 712 1040 776 conteratur
1060 707 1123 773 iste
1139 705 1219 774 deus
1242 705 1358 772 beatus

210 848 280 895 cum
304 847 331 893 e.
350 845 379 908 q.
396 844 441 893 s«
489 823 561 890 Non
592 823 676 888 enim
708 827 775 887 tam
805 819 861 904 agi
884 820 924 886 de
947 818 1063 883 timore
1086 817 1238 882 interitus
1261 833 1358 899 quam

211 939 251 1005 de
273 936 408 1003 interitu
431 936 517 1018 ipso,
549 951 672 1017 neque,
703 930 789 1014 quod
812 934 1020 1012 sequeretur,
1053 946 1132 993 »nec
1154 925 1289 992 beatus«
1316 925 1358 992 ad

206 1021 361 1112 'timorem
384 1045 475 1109 illum
498 1043 682 1125 pertinere;
706 1057 769 1105 non
792 1038 922 1105 beatum
946 1056 1017 1104 esse
1041 1037 1145 1120 deum,
1170 1035 1254 1118 quod
1277 1035 1356 1100 nihil

212 1161 333 1238 ageret,
362 1173 424 1219 non
448 1158 626 1228 aeternum,
657 1149 743 1233 quod
766 1153 998 1215 contereretur.
1044 1146 1164 1211 Contra
1188 1143 1358 1210 dicendum

212 1271 280 1349 est,
312 1263 421 1330 verbis
458 1263 528 1327 »Ita
560 1280 619 1326 nec
649 1258 766 1325 beatus
795 1261 846 1323 est
868 1263 976 1322 vester
999 1256 1078 1320 dens
1101 1273 1159 1319 neu
1182 1259 1355 1340 aeternus«

214 1374 375 1454 duplicem
399 1366 649 1452 disputationem
673 1368 713 1433 de
736 1365 982 1431 immortalitate
1006 1363 1302 1448 (§·10312-lloa)
1327 1367 1360 1428 et

214 1481 255 1547 de
271 1480 472 1547 beatitudine
487 1479 539 1544 dei
557 1475 816 1562 (§llOs-1149)
833 1450 1071 1557 compr'ehendi,
1094 1475 1141 1539 ita
1157 1480 1193 1540 ut
1208 1471 1357 1540 »beatus«

216 1609 278 1656 non
302 1589 343 1655 ad
367 1608 463 1655 unum
486 1588 577 1654 illum
597 1587 745 1651 timorem
762 1585 923 1668 interitus,
947 1584 1005 1650 sed
1030 1584 1071 1648 ad
1093 1588 1195 1649 totam
1219 1582 1259 1648 de
1283 1581 1359 1648 bea·

212 1699 350 1765 titudine
367 1697 616 1780 explicationem
631 1693 837 1760 referendum
853 1694 915 1778 sit3
940 1694 980 1759 de
998 1693 1132 1759 interitu
1155 1694 1224 1776 ipso
1250 1698 1358 1758 autem

127 1831 128 1834 ¹
209 1809 284 1875 inde
312 1809 475 1892 a§llba
507 1825 570 1872 non
605 1806 724 1891 agitur.
782 1805 913 1870 Erravit
943 1803 1142 1886 Madvigius,
1178 1803 1262 1885 quod
1298 1803 1358 1870 has

210 1918 290 1986 duas
322 1917 557 2000 disputationis
589 1919 703 1997 partes
737 1933 800 1980 non
832 1914 913 1980 satis
945 1914 1100 1980 distinxit.
1154 1913 1285 1997 Eisdem
1316 1912 1357 1979 de

211 2027 316 2093 causis
340 2028 439 2093 etiam
456 2025 580 2092 Baiteri
604 2024 806 2092 coniectura:
833 2022 920 2089 »Nec
942 2028 1050 2088 tamen
1073 2023 1176 2106 video,
1200 2023 1358 2105 quomodo

212 2153 275 2200 non
297 2140 412 2215 pereat
445 2135 508 2199 iste
543 2135 622 2199 deus
656 2132 794 2210 beatus,
828 2151 899 2198 cum
931 2152 1064 2214 e.q.s.«
1100 2133 1264 2198 reicienda
1299 2139 1358 2198 est.

212 2243 304 2322 Quod
328 2242 536 2310 Heindorfius
562 2243 715 2308 coniecit:
752 2243 838 2309 »Nec
861 2250 968 2308 tamen
990 2243 1101 2326 video,
1133 2243 1290 2324 quomodo
1314 2243 1359 2308 vi-

109 2358 111 2361 ’
210 2353 327 2419 deutur
351 2352 415 2419 sibi
437 2352 501 2418 iste
525 2352 606 2418 deus
630 2351 756 2436 beatus,
781 2359 837 2418 aut
860 2353 1017 2435 quomodo
1042 2373 1102 2418 non
1128 2359 1295 2436 vereatur,
1318 2370 1359 2418 ne

210 2463 368 2544 intereat,
404 2481 473 2529 cum
498 2480 525 2526 e.
543 2480 572 2542 q.
591 2479 653 2540 s«,
688 2461 786 2527 verba
819 2461 996 2543 »quomodo
1027 2461 1176 2528 videatur
1203 2460 1264 2528 sibi
1297 2463 1360 2527 iste

211 2570 291 2636 deus
314 2569 451 2636 beatus«
476 2569 605 2635 inutilia
628 2574 719 2649 sunt,
751 2588 822 2635 oum
845 2570 1010 2636 assiduam
1033 2571 1122 2637 illam
1146 2569 1358 2638 beatitudinis

210 2679 442 2764 cogitationem
466 2679 581 2744 Cicero
612 2680 676 2744 iam
708 2679 843 2744 ridendo
875 2678 1050 2744 coniecerit
1080 2678 1206 2746 verbis:
1243 2681 1357 2746 »Com-

211 2793 375 2874 prehende
407 2811 434 2857 e.
459 2811 487 2874 q.
511 2811 536 2858 s.
567 2791 802 2874 cogitantem«.
862 2791 1013 2856 Dicemus
1050 2791 1149 2873 igitur
1188 2791 1359 2875 legendum

213 2915 304 2963 esse:
337 2897 424 2964 »Nec
449 2905 555 2965 tamen
579 2900 691 2978 video,
724 2899 882 2981 quomodo
911 2918 973 2964 non
1004 2904 1155 2965 vereatur
1183 2899 1247 2965 iste
1278 2900 1358 2966 deus

213 3005 351 3090 beatus,
377 3027 416 3072 ne
439 3007 595 3088 intereat,
629 3027 701 3073 cum
724 3026 750 3073 e.
770 3025 799 3088 q.
817 3025 868 3072 s«
925 3007 1058 3072 Accedit
1082 3007 1165 3089 quod
1195 3007 1256 3074 hoc
1287 3008 1359 3090 ipso

211 3116 306 3182 modo
330 3117 417 3182 locus
441 3117 561 3183 citatur
584 3116 626 3182 ab
638 3117 817 3198 Augustino
834 3117 866 3179 in
882 3116 941 3198 Ep.
955 3115 1099 3198 uxvrn,
1124 3117 1172 3183 ed.
1190 3117 1357 3184 Benedict.

211 3244 229 3290 e
253 3223 413 3308 congus.
432 3217 548 3302 Mauri,
571 3225 675 3291 Paris.
699 3224 828 3303 MDCC,
852 3229 927 3289 tom.
945 3225 986 3305 ll,
1003 3243 1033 3306 p.
1048 3229 1121 3306 258,
1144 3224 1203 3292 sub
1224 3223 1276 3291 fin.

298 3334 366 3398 lam
389 3333 536 3398 codicum
559 3338 743 3399 nostrorum
774 3333 931 3398 lectiones
964 3332 1080 3400 iterum
1112 3335 1356 3415 perlustramus.

212 3441 354 3523 Apparet
385 3442 488 3508 locum
518 3443 551 3508 in
582 3443 758 3524 archetypo
783 3448 967 3524 corruptum
992 3461 1064 3509 esse
1087 3450 1222 3526 propter
1245 3446 1356 3510 simili·

211 3549 352 3616 tudinem
368 3550 538 3617 verborum
557 3557 737 3634 aversatur,
762 3549 887 3635 beatus,
907 3551 1080 3632 intereat«,
1105 3557 1201 3634 atque
1218 3554 1357 3636 primum

208 3655 241 3721 A
256 3664 290 3723 et
303 3657 330 3724 0
344 3661 558 3738 consentiunt,
585 3677 656 3724 cum
678 3679 737 3725 »ne
753 3659 914 3724 intereat«
940 3661 1111 3742 omittant3
1138 3668 1357 3748 »moveatur«,

208 3766 292 3849 quod
316 3766 342 3832 O
364 3767 464 3833 babet
487 3787 506 3834 a
527 3787 573 3847 re,
598 3767 638 3832 de
662 3787 724 3850 qua
748 3769 799 3834 bic
823 3770 943 3854 agitur,
967 3770 1198 3837 alienissimum
1222 3780 1255 3838 et
1277 3772 1358 3838 nihil

208 3875 270 3941 nisi
293 3877 435 3957 pessima
459 3877 644 3942 coniectura
668 3882 737 3961 est,
760 3896 833 3944 nam
859 3879 1077 3960 »moriatur«,
1110 3881 1194 3962 quod
1219 3881 1360 3948 fortasse

208 3984 369 4066 quispiam
392 3987 425 4050 in
449 4004 487 4052 eo
518 3988 622 4052 latere
656 3992 765 4071 putet,
800 4007 863 4054 non
896 3987 1001 4054 minus
1035 3988 1152 4056 falsum
1185 3991 1229 4057 sit
1261 4009 1356 4075 quam

206 4096 438 4158 ›conteratur‹
457 4093 508 4158 vel
525 4098 691 4175 »pereat«.
737 4092 786 4158 Ab
811 4095 915 4160 altera
938 4101 1032 4177 parte
1055 4102 1144 4164 stant
1158 4099 1355 4181 Augustinus

207 4206 241 4265 et
264 4199 377 4265 BFM
385 4221 392 4280 3
428 4202 485 4267 sed
514 4203 547 4266 in
572 4202 606 4267 B
635 4202 735 4268 verba
768 4202 869 4269 »iste«
906 4212 939 4271 et
971 4205 1127 4274 ›beatus‹
1161 4228 1181 4273 a
1213 4210 1355 4275 secunda

207 4327 319 4388 manu,
350 4329 389 4376 er
408 4311 470 4376 alio
495 4311 671 4394 exemplari
694 4313 858 4399 nimirum,
884 4316 995 4391 addita
1019 4323 1103 4384 sunt.
1150 4317 1301 4384 Codicem
1324 4317 1360 4382 F

205 4437 244 4483 ex
275 4419 310 4483 B
343 4419 545 4504 descriptum
588 4439 659 4488 esse
692 4413 829 4490 constat.
866 4425 938 4492 Vid.
973 4424 1195 4495 Schwenkium
1227 4447 1258 4511 p.
1285 4426 1359 4514 3J1).

278 4575 303 4644 l)
323 4573 438 4629 Praeter
458 4574 565 4628 llam
587 4576 622 4630 of.
642 4575 730 4631 talia:

205 4662 218 4716 I
240 4665 328 4720 1623:
355 4665 488 4736 Balbum]
508 4668 631 4737 balbatm
650 4669 722 4739 (mm
745 4688 777 4725 aa
796 4688 852 4727 sm
872 4675 954 4745 corr.)
975 4675 1002 4730 B
1021 4675 1129 4732 balbim
1148 4676 1202 4734 1¹¹².
