3218 5144
860 325 902 386 30

311 494 465 578 tellegere
487 495 566 579 vult,
591 513 747 580 quaerere
768 493 896 576 debeat,
921 513 1005 579 quoe
1024 515 1154 580 quoquo
1177 497 1247 565 loco
1271 497 1461 570 Ciceronem

204 627 205 632 ¹
311 603 397 669 inter
420 610 454 669 et
478 603 620 671 Graecos
644 605 728 671 ratio
760 604 943 672 intercedat
973 606 1127 688 cuiusque
1155 612 1213 673 aut
1234 608 1382 678 referens
1405 617 1463 682 sut

311 712 452 797 probans
475 719 531 780 aut
562 712 749 796 improbans
778 714 972 780 mentionem
1002 712 1119 792 iaciat,
1152 719 1261 780 tannen
1284 719 1460 798 canendum

311 829 372 905 est,
395 842 445 906 ne,
471 841 541 890 oum
565 824 632 890 tole
656 823 731 905 quid
756 823 968 905 investigasse
992 817 1085 890 nobis
1107 823 1284 904 uideamur,
1308 828 1385 910 quid
1409 829 1461 896 ci-

309 949 383 998 cero
406 933 476 1013 ipse
505 931 613 996 dicere
644 930 799 1010 voluerit,
834 929 973 1011 quidque
1007 929 1038 994 in
1069 928 1203 996 cedibus
1233 931 1326 998 nobis
1358 933 1460 1000 tradi·

311 1045 378 1105 turn
403 1041 463 1118 sit,
494 1039 712 1123 neglegamus.
759 1037 849 1115 Quod
874 1037 933 1102 hoc
964 1037 1004 1101 de
1033 1055 1094 1120 quo
1114 1037 1224 1122 agitur
1246 1039 1315 1106 loco
1340 1041 1460 1112 factum

312 1147 391 1214 mihi
413 1147 541 1214 uidetur
564 1165 646 1214 esse.
691 1146 775 1212 Nam
798 1163 931 1228 prorsus
955 1137 1075 1211 diversi
1099 1153 1174 1212 sunt
1196 1146 1286 1214 locus
1309 1149 1364 1216 ille
1388 1152 1459 1216 Ari·

313 1255 441 1322 stotelis
464 1261 498 1320 et
520 1255 572 1320 bio
596 1253 770 1320 Ciceronis.
807 1252 1000 1320 Aristoteles
1023 1251 1064 1318 de
1088 1253 1211 1336 origine
1234 1256 1459 1339 philosophiae

312 1364 476 1448 disputat,
513 1364 626 1431 Cicero
658 1361 864 1428 Academiam
898 1380 989 1428 suam
1022 1362 1233 1429 commendat.
1280 1365 1394 1448 ltaque
1418 1368 1458 1434 de

312 1493 445 1541 »causa«
467 1473 689 1557 philosophiae
713 1473 920 1558 cogitandum
943 1491 1005 1538 non
1029 1478 1091 1556 est,
1115 1473 1173 1539 sed
1196 1482 1382 1556 corruptum
1406 1484 1457 1546 est

312 1581 455 1649 verbnm.
498 1583 636 1666 Reliqua
667 1582 765 1665 igitur
787 1588 879 1648 sunt:
911 1583 1117 1664 »principium
1142 1583 1362 1668 philosophiae
1385 1605 1457 1652 esse

312 1689 542 1771 inscientiam«,
573 1707 646 1754 nam
669 1689 750 1754 haec
773 1707 831 1768 pro
854 1690 902 1754 eis
924 1706 1007 1770 quae
1030 1689 1219 1755 traduntur:
1251 1691 1457 1772 »principium

314 1797 535 1882 philosophiae
565 1797 606 1863 ed
636 1799 657 1862 li
679 1798 883 1883 scientiam«,
913 1798 1083 1864 scribenda
1115 1817 1206 1881 esse,
1238 1799 1321 1864 inter
1344 1817 1455 1868 omnes

314 1914 463 1992 constare
494 1907 632 1974 videtur.
685 1908 797 1975 Utitur
826 1914 935 1974 autem
965 1908 1078 1975 Cicero
1109 1908 1205 1974 verbo
1234 1909 1453 1974 »inscientiae«

313 2034 372 2099 pro
395 2017 544 2100 termino,
567 2024 604 2085 ut
627 2018 748 2100 dicunt,
771 2017 1042 2101 pbilosophorum,
1066 2025 1103 2084 ut
1115 2018 1377 2084 Academicorum
1400 2017 1456 2086 do·.

314 2127 470 2208 utrinam,
501 2145 564 2208 qua
586 2125 665 2192 nihil
697 2131 820 2192 certum
854 2127 929 2192 sciri
952 2145 1048 2208 posse
1071 2124 1262 2210 tradebant,
1292 2124 1459 2208 significet,

315 2243 348 2302 et
381 2236 605 2320 »principium«
634 2241 684 2302 est
713 2235 975 2316 fundamentum,
1005 2237 1037 2300 in
1067 2256 1129 2320 quo
1162 2239 1300 2302 struitur
1329 2235 1460 2319 aliquid,

315 2347 364 2412 uel
387 2345 471 2411 unde
496 2345 674 2428 disputatio
704 2345 813 2426 aliqua
841 2343 1055 2426 proficiscitur
1085 2350 1142 2412 aut
1170 2345 1330 2427 proficisci
1353 2343 1461 2429 debet,

315 2453 355 2519 cf.
379 2453 418 2518 de
437 2454 495 2535 fia.
518 2453 563 2518 IV
588 2459 648 2518 53:
682 2453 744 2520 »Ut
778 2455 861 2520 enim
893 2456 936 2520 sit
965 2456 1049 2537 apud
1072 2455 1147 2520 illos
1247 2456 1326 2521 ordo
1354 2473 1462 2522 rerum

317 2568 526 2628 conservatus
565 2568 598 2628 et
635 2562 740 2628 omnia
774 2564 859 2629 inter
892 2583 926 2629 se
964 2571 1042 2646 apta
1080 2571 1112 2630 et
1153 2581 1313 2646 connexa,
1354 2569 1464 2629 tamen

309 2666 466 2753 'persequi
492 2688 554 2735 nou
582 2668 754 2753 debemus,
789 2671 817 2736 si
847 2689 867 2736 a
897 2671 988 2738 falsis
1017 2672 1183 2755 principiis
1217 2670 1364 2754 proiecta
1388 2689 1464 2739 con·

316 2786 435 2862 gruunt
466 2780 537 2862 ipsa
569 2779 632 2846 sibi
665 2785 698 2846 et
721 2799 741 2846 a
763 2782 928 2864 proposito
958 2801 1019 2848 non
1050 2785 1193 2862 errant«,
1226 2782 1462 2848 etseras:
1589 2803 1590 2880 j

317 2891 418 2972 »qnod
453 2895 571 2956 natura
595 2890 687 2972 quasi
710 2910 854 2956 normam
885 2892 1040 2958 scientiae
1064 2898 1098 2958 et
1120 2891 1311 2974 principium
1335 2891 1382 2958 sni
1407 2891 1464 2956 de-

317 2998 462 3077 dissetc3
495 2999 578 3064 alios
611 2998 731 3064 similes
761 3000 848 3064 locos
881 2999 976 3065 facile
1007 2999 1162 3066 invenias.
1208 2995 1374 3066 Habemus
1403 2999 1464 3082 igi·

317 3113 391 3172 tur:
428 3107 504 3172 »die
526 3106 841 3173 ausserordentliche
869 3106 1167 3190 Manniglsltiglceit
1189 3107 1247 3173 der
1271 3109 1463 3192 Meinungen

317 3215 399 3280 liber
423 3214 481 3280 das
504 3214 621 3279 Wesen
645 3213 704 3282 der
727 3216 843 3280 thter
865 3215 909 3280 ist
939 3214 990 3280 ein
1013 3215 1318 3298 schweruiegender
1341 3217 1465 3284 Beweis

317 3322 422 3408 daltir,
455 3323 533 3388 dass
557 3323 609 3388 die
632 3321 874 3405 grundlegende
896 3322 1172 3408 Voraussetnung,
1197 3325 1254 3391 der
1277 3327 1464 3410 Ausgangs-

316 3436 415 3514 punct
444 3430 525 3498 aller
550 3430 757 3512 Philosophie
789 3431 841 3498 die
865 3428 1124 3518 Ueberzeugung
1153 3453 1212 3499 von
1242 3434 1301 3500 der
1324 3434 1464 3514 Unmdg·

317 3540 451 3606 lichlreit
475 3541 532 3606 des
562 3538 732 3606 absoluten
755 3540 901 3608 Wissens
933 3540 1003 3608 sein
1035 3560 1149 3608 musso.
1202 3543 1291 3608 llaec
1321 3562 1400 3609 sana
1431 3547 1465 3608 et

319 3651 440 3734 optima
462 3657 554 3731 sunt3
585 3650 717 3716 uerbum
747 3670 879 3718 »causa«
909 3650 1054 3722 abundat
1083 3673 1141 3720 nec
1166 3675 1186 3720 a
1209 3655 1367 3720 Cicerone.
1384 3652 1464 3719 scri-

318 3765 408 3842 ptum
431 3761 488 3826 sed
518 3761 664 3843 spurium
688 3765 747 3828 est.
792 3763 898 3844 Atque
920 3762 1005 3842 iam,
1035 3763 1120 3830 unde
1144 3769 1249 3829 ortum
1273 3763 1331 3846 sit,
1354 3769 1463 3830 osten·

319 3867 441 3949 demus.
487 3869 629 3936 Primum
659 3870 743 3936 enlm
775 3869 807 3935 in
832 3870 941 3938 codice
964 3870 1019 3951 B,
1054 3889 1116 3953 quo
1138 3890 1200 3938 uno
1224 3875 1310 3938 teste
1333 3871 1463 3954 utimur,

319 3983 394 4046 aute
410 3977 553 4044 »variae«
570 3978 662 4044 deest
677 3984 795 4059 »tamem
818 3980 933 4048 deinde
949 3979 1079 4047 verbum
1098 3999 1229 4048 »causa«
1252 3978 1464 4063 grammatica

317 4087 445 4154 ratione
468 4086 510 4152 ad
532 4087 715 4154 continuam
739 4089 919 4156 orationem
952 4088 1080 4156 minime
1103 4089 1378 4158 accommodatum
1402 4096 1463 4172 est,

319 4201 417 4280 atque
441 4195 538 4262 etiem
562 4195 677 4278 copula
700 4195 914 4264 desideratur.
957 4197 1046 4276 Quae
1069 4215 1141 4268 cum
1164 4199 1211 4267 ita
1233 4200 1308 4280 sint,
1332 4197 1464 4266 dublum

318 4321 390 4374 csse
407 4323 469 4372 non
485 4309 604 4388 potest,
630 4304 705 4388 quin
721 4304 853 4374 verbum
868 4325 1000 4376 »causac
1016 4307 1095 4374 nihil
1112 4308 1156 4375 sit
1172 4307 1234 4376 nisi
1249 4307 1330 4376 illud
1352 4313 1465 4392 stom«,

315 4411 401 4502 quod
425 4417 523 4480 antea
545 4414 698 4482 omissum
714 4415 796 4482 etin
812 4417 959 4503 margine
975 4411 1175 4500 adscriptum
1197 4418 1259 4486 buc
1282 4418 1460 4502 irrepserit,

317 4537 393 4588 nam
413 4526 453 4586 ut
475 4548 516 4576 =
540 4525 641 4588 atam«
671 4526 705 4588 et
736 4529 775 4590 cd
800 4551 840 4580 =
863 4542 996 4592 »eausa«
1030 4521 1185 4592 facillime
1215 4523 1462 4594 confunduntur.
